<ENVELOPE>
<HEADER>
<TALLYREQUEST>Import Data</TALLYREQUEST>
</HEADER>
<BODY>
<IMPORTDATA>
<REQUESTDESC>
<REPORTNAME>All Masters</REPORTNAME>
<STATICVARIABLES>
<SVCURRENTCOMPANY>ABC Pvt Ltd</SVCURRENTCOMPANY>
</STATICVARIABLES>
</REQUESTDESC>
<REQUESTDATA>
<TALLYMESSAGE UDF="TallyUDF">
<VOUCHER REMOTEID="ef1532b1-c551-4b3f-ac45-04402e1668cc-00000001" VCHKEY="ef1532b1-c551-4b3f-ac45-04402e1668cc-0000b146:00000002" VCHTYPE="Sales" ACTION="Create" OBJVIEW="Invoice Voucher View">
<OLDAUDITENTRYIDS.LIST TYPE="Number">
<OLDAUDITENTRYIDS>-1</OLDAUDITENTRYIDS>
</OLDAUDITENTRYIDS.LIST>
<DATE>20240401</DATE>
<VCHSTATUSDATE>20240401</VCHSTATUSDATE>
<GUID>ef1532b1-c551-4b3f-ac45-04402e1668cc-00000001</GUID>
<GSTREGISTRATIONTYPE>Regular</GSTREGISTRATIONTYPE>
<VATDEALERTYPE>Regular</VATDEALERTYPE>
<NARRATION>This is the Bill that Yash Chavan has to pay to Banquet Easy</NARRATION>
<COUNTRYOFRESIDENCE>India</COUNTRYOFRESIDENCE>
<PARTYNAME>Himanshu</PARTYNAME>
<GSTREGISTRATION TAXTYPE="GST" TAXREGISTRATION="">ABC Pvt Ltd</GSTREGISTRATION>
<VOUCHERTYPENAME>Sales</VOUCHERTYPENAME>
<PARTYLEDGERNAME>Himanshu</PARTYLEDGERNAME>
<VOUCHERNUMBER>1</VOUCHERNUMBER>
<BASICBUYERNAME>Himanshu</BASICBUYERNAME>
<CMPGSTREGISTRATIONTYPE>Regular</CMPGSTREGISTRATIONTYPE>
<PARTYMAILINGNAME>Himanshu</PARTYMAILINGNAME>
<CONSIGNEEMAILINGNAME>Himanshu</CONSIGNEEMAILINGNAME>
<CONSIGNEECOUNTRYNAME>India</CONSIGNEECOUNTRYNAME>
<BASICBASEPARTYNAME>Himanshu</BASICBASEPARTYNAME>
<NUMBERINGSTYLE>Auto Retain</NUMBERINGSTYLE>
<CSTFORMISSUETYPE>&#4; Not Applicable</CSTFORMISSUETYPE>
<CSTFORMRECVTYPE>&#4; Not Applicable</CSTFORMRECVTYPE>
<FBTPAYMENTTYPE>Default</FBTPAYMENTTYPE>
<PERSISTEDVIEW>Invoice Voucher View</PERSISTEDVIEW>
<VCHSTATUSTAXADJUSTMENT>Default</VCHSTATUSTAXADJUSTMENT>
<VCHSTATUSVOUCHERTYPE>sales</VCHSTATUSVOUCHERTYPE>
<VCHSTATUSTAXUNIT>ABC Pvt Ltd</VCHSTATUSTAXUNIT>
<VCHGSTCLASS>&#4; Not Applicable</VCHGSTCLASS>
<VCHENTRYMODE>Item Invoice</VCHENTRYMODE>
<DIFFACTUALQTY>No</DIFFACTUALQTY>
<ISMSTFROMSYNC>No</ISMSTFROMSYNC>
<ISDELETED>No</ISDELETED>
<ISSECURITYONWHENENTERED>No</ISSECURITYONWHENENTERED>
<ASORIGINAL>No</ASORIGINAL>
<AUDITED>No</AUDITED>
<ISCOMMONPARTY>No</ISCOMMONPARTY>
<FORJOBCOSTING>No</FORJOBCOSTING>
<ISOPTIONAL>No</ISOPTIONAL>
<EFFECTIVEDATE>No</EFFECTIVEDATE>
<USEFOREXCISE>No</USEFOREXCISE>
<ISFORJOBWORKIN>No</ISFORJOBWORKIN>
<ALLOWCONSUMPTION>No</ALLOWCONSUMPTION>
<USEFORINTEREST>No</USEFORINTEREST>
<USEFORGAINLOSS>No</USEFORGAINLOSS>
<USEFORGODOWNTRANSFER>No</USEFORGODOWNTRANSFER>
<USEFORCOMPOUND>No</USEFORCOMPOUND>
<USEFORSERVICETAX>No</USEFORSERVICETAX>
<ISREVERSECHARGEAPPLICABLE>No</ISREVERSECHARGEAPPLICABLE>
<ISSYSTEM>No</ISSYSTEM>
<ISFETCHEDONLY>No</ISFETCHEDONLY>
<ISGSTOVERRIDDEN>No</ISGSTOVERRIDDEN>
<ISCANCELLED>No</ISCANCELLED>
<ISONHOLD>No</ISONHOLD>
<ISSUMMARY>No</ISSUMMARY>
<ISECOMMERCESUPPLY>No</ISECOMMERCESUPPLY>
<ISBOENOTAPPLICABLE>No</ISBOENOTAPPLICABLE>
<ISGSTSECSEVENAPPLICABLE>No</ISGSTSECSEVENAPPLICABLE>
<IGNOREEINVVALIDATION>No</IGNOREEINVVALIDATION>
<CMPGSTISOTHTERRITORYASSESSEE>No</CMPGSTISOTHTERRITORYASSESSEE>
<PARTYGSTISOTHTERRITORYASSESSEE>No</PARTYGSTISOTHTERRITORYASSESSEE>
<IRNJSONEXPORTED>No</IRNJSONEXPORTED>
<IRNCANCELLED>No</IRNCANCELLED>
<IGNOREGSTCONFLICTINMIG>No</IGNOREGSTCONFLICTINMIG>
<ISOPBALTRANSACTION>No</ISOPBALTRANSACTION>
<IGNOREGSTFORMATVALIDATION>No</IGNOREGSTFORMATVALIDATION>
<ISELIGIBLEFORITC>Yes</ISELIGIBLEFORITC>
<UPDATESUMMARYVALUES>No</UPDATESUMMARYVALUES>
<ISEWAYBILLAPPLICABLE>No</ISEWAYBILLAPPLICABLE>
<ISDELETEDRETAINED>No</ISDELETEDRETAINED>
<ISNULL>No</ISNULL>
<ISEXCISEVOUCHER>No</ISEXCISEVOUCHER>
<EXCISETAXOVERRIDE>No</EXCISETAXOVERRIDE>
<USEFORTAXUNITTRANSFER>No</USEFORTAXUNITTRANSFER>
<ISEXER1NOPOVERWRITE>No</ISEXER1NOPOVERWRITE>
<ISEXF2NOPOVERWRITE>No</ISEXF2NOPOVERWRITE>
<ISEXER3NOPOVERWRITE>No</ISEXER3NOPOVERWRITE>
<IGNOREPOSVALIDATION>No</IGNOREPOSVALIDATION>
<EXCISEOPENING>No</EXCISEOPENING>
<USEFORFINALPRODUCTION>No</USEFORFINALPRODUCTION>
<ISTDSOVERRIDDEN>No</ISTDSOVERRIDDEN>
<ISTCSOVERRIDDEN>No</ISTCSOVERRIDDEN>
<ISTDSTCSCASHVCH>No</ISTDSTCSCASHVCH>
<INCLUDEADVPYMTVCH>No</INCLUDEADVPYMTVCH>
<ISSUBWORKSCONTRACT>No</ISSUBWORKSCONTRACT>
<ISVATOVERRIDDEN>No</ISVATOVERRIDDEN>
<IGNOREORIGVCHDATE>No</IGNOREORIGVCHDATE>
<ISVATPAIDATCUSTOMS>No</ISVATPAIDATCUSTOMS>
<ISDECLAREDTOCUSTOMS>No</ISDECLAREDTOCUSTOMS>
<VATADVANCEPAYMENT>No</VATADVANCEPAYMENT>
<VATADVPAY>No</VATADVPAY>
<ISCSTDELCAREDGOODSSALES>No</ISCSTDELCAREDGOODSSALES>
<ISVATRESTAXINV>No</ISVATRESTAXINV>
<ISSERVICETAXOVERRIDDEN>No</ISSERVICETAXOVERRIDDEN>
<ISISDVOUCHER>No</ISISDVOUCHER>
<ISEXCISEOVERRIDDEN>No</ISEXCISEOVERRIDDEN>
<ISEXCISESUPPLYVCH>No</ISEXCISESUPPLYVCH>
<GSTNOTEXPORTED>No</GSTNOTEXPORTED>
<IGNOREGSTINVALIDATION>No</IGNOREGSTINVALIDATION>
<ISGSTREFUND>No</ISGSTREFUND>
<OVRDNEWAYBILLAPPLICABILITY>No</OVRDNEWAYBILLAPPLICABILITY>
<ISVATPRINCIPALACCOUNT>No</ISVATPRINCIPALACCOUNT>
<VCHSTATUSISVCHNUMUSED>No</VCHSTATUSISVCHNUMUSED>
<VCHGSTSTATUSISINCLUDED>No</VCHGSTSTATUSISINCLUDED>
<VCHGSTSTATUSISUNCERTAIN>No</VCHGSTSTATUSISUNCERTAIN>
<VCHGSTSTATUSISEXCLUDED>No</VCHGSTSTATUSISEXCLUDED>
<VCHGSTSTATUSISAPPLICABLE>No</VCHGSTSTATUSISAPPLICABLE>
<VCHGSTSTATUSISGSTR2BRECONCILED>No</VCHGSTSTATUSISGSTR2BRECONCILED>
<VCHGSTSTATUSISGSTR2BONLYINPORTAL>No</VCHGSTSTATUSISGSTR2BONLYINPORTAL>
<VCHGSTSTATUSISGSTR2BONLYINBOOKS>No</VCHGSTSTATUSISGSTR2BONLYINBOOKS>
<VCHGSTSTATUSISGSTR2BMISMATCH>No</VCHGSTSTATUSISGSTR2BMISMATCH>
<VCHGSTSTATUSISGSTR2BINDIFFPERIOD>No</VCHGSTSTATUSISGSTR2BINDIFFPERIOD>
<VCHGSTSTATUSISRETEFFDATEOVERRDN>No</VCHGSTSTATUSISRETEFFDATEOVERRDN>
<VCHGSTSTATUSISOVERRDN>No</VCHGSTSTATUSISOVERRDN>
<VCHGSTSTATUSISSTATINDIFFDATE>No</VCHGSTSTATUSISSTATINDIFFDATE>
<VCHGSTSTATUSISRETINDIFFDATE>No</VCHGSTSTATUSISRETINDIFFDATE>
<VCHGSTSTATUSMAINSECTIONEXCLUDED>No</VCHGSTSTATUSMAINSECTIONEXCLUDED>
<VCHGSTSTATUSISBRANCHTRANSFEROUT>No</VCHGSTSTATUSISBRANCHTRANSFEROUT>
<VCHGSTSTATUSISSYSTEMSUMMARY>No</VCHGSTSTATUSISSYSTEMSUMMARY>
<VCHSTATUSISUNREGISTEREDRCM>No</VCHSTATUSISUNREGISTEREDRCM>
<VCHSTATUSISOPTIONAL>No</VCHSTATUSISOPTIONAL>
<VCHSTATUSISCANCELLED>No</VCHSTATUSISCANCELLED>
<VCHSTATUSISDELETED>No</VCHSTATUSISDELETED>
<VCHSTATUSISOPENINGBALANCE>No</VCHSTATUSISOPENINGBALANCE>
<VCHSTATUSISFETCHEDONLY>No</VCHSTATUSISFETCHEDONLY>
<PAYMENTLINKHASMULTIREF>No</PAYMENTLINKHASMULTIREF>
<ISSHIPPINGWITHINSTATE>No</ISSHIPPINGWITHINSTATE>
<ISOVERSEASTOURISTTRANS>No</ISOVERSEASTOURISTTRANS>
<ISDESIGNATEDZONEPARTY>No</ISDESIGNATEDZONEPARTY>
<HASCASHFLOW>No</HASCASHFLOW>
<ISPOSTDATED>No</ISPOSTDATED>
<USETRACKINGNUMBER>No</USETRACKINGNUMBER>
<ISINVOICE>Yes</ISINVOICE>
<MFGJOURNAL>No</MFGJOURNAL>
<HASDISCOUNTS>No</HASDISCOUNTS>
<ASPAYSLIP>No</ASPAYSLIP>
<ISCOSTCENTRE>No</ISCOSTCENTRE>
<ISSTXNONREALIZEDVCH>No</ISSTXNONREALIZEDVCH>
<ISEXCISEMANUFACTURERON>No</ISEXCISEMANUFACTURERON>
<ISBLANKCHEQUE>No</ISBLANKCHEQUE>
<ISVOID>No</ISVOID>
<ORDERLINESTATUS>No</ORDERLINESTATUS>
<VATISAGNSTCANCSALES>No</VATISAGNSTCANCSALES>
<VATISPURCEXEMPTED>No</VATISPURCEXEMPTED>
<ISVATRESTAXINVOICE>No</ISVATRESTAXINVOICE>
<VATISASSESABLECALCVCH>No</VATISASSESABLECALCVCH>
<ISVATDUTYPAID>Yes</ISVATDUTYPAID>
<ISDELIVERYSAMEASCONSIGNEE>No</ISDELIVERYSAMEASCONSIGNEE>
<ISDISPATCHSAMEASCONSIGNOR>No</ISDISPATCHSAMEASCONSIGNOR>
<ISDELETEDVCHRETAINED>No</ISDELETEDVCHRETAINED>
<CHANGEVCHMODE>No</CHANGEVCHMODE>
<RESETIRNQRCODE>No</RESETIRNQRCODE>
<ALTERID>1</ALTERID>
<MASTERID>1</MASTERID>
<VOUCHERKEY>194914205827080</VOUCHERKEY>
<VOUCHERRETAINKEY>1</VOUCHERRETAINKEY>
<VOUCHERNUMBERSERIES>Default</VOUCHERNUMBERSERIES>
<EWAYBILLDETAILS.LIST> </EWAYBILLDETAILS.LIST>
<EXCLUDEDTAXATIONS.LIST> </EXCLUDEDTAXATIONS.LIST>
<OLDAUDITENTRIES.LIST> </OLDAUDITENTRIES.LIST>
<ACCOUNTAUDITENTRIES.LIST> </ACCOUNTAUDITENTRIES.LIST>
<AUDITENTRIES.LIST> </AUDITENTRIES.LIST>
<DUTYHEADDETAILS.LIST> </DUTYHEADDETAILS.LIST>
<GSTADVADJDETAILS.LIST> </GSTADVADJDETAILS.LIST>
<ALLINVENTORYENTRIES.LIST>
<STOCKITEMNAME>Food</STOCKITEMNAME>
<ISDEEMEDPOSITIVE>No</ISDEEMEDPOSITIVE>
<ISGSTASSESSABLEVALUEOVERRIDDEN>No</ISGSTASSESSABLEVALUEOVERRIDDEN>
<STRDISGSTAPPLICABLE>No</STRDISGSTAPPLICABLE>
<CONTENTNEGISPOS>No</CONTENTNEGISPOS>
<ISLASTDEEMEDPOSITIVE>No</ISLASTDEEMEDPOSITIVE>
<ISAUTONEGATE>No</ISAUTONEGATE>
<ISCUSTOMSCLEARANCE>No</ISCUSTOMSCLEARANCE>
<ISTRACKCOMPONENT>No</ISTRACKCOMPONENT>
<ISTRACKPRODUCTION>No</ISTRACKPRODUCTION>
<ISPRIMARYITEM>No</ISPRIMARYITEM>
<ISSCRAP>No</ISSCRAP>
<AMOUNT>0</AMOUNT>
<BATCHALLOCATIONS.LIST>
<GODOWNNAME>Main Location</GODOWNNAME>
<BATCHNAME>Primary Batch</BATCHNAME>
<INDENTNO>&#4; Not Applicable</INDENTNO>
<ORDERNO>&#4; Not Applicable</ORDERNO>
<TRACKINGNUMBER>&#4; Not Applicable</TRACKINGNUMBER>
<DYNAMICCSTISCLEARED>No</DYNAMICCSTISCLEARED>
<AMOUNT>0</AMOUNT>
<ADDITIONALDETAILS.LIST> </ADDITIONALDETAILS.LIST>
<VOUCHERCOMPONENTLIST.LIST> </VOUCHERCOMPONENTLIST.LIST>
</BATCHALLOCATIONS.LIST>
<ACCOUNTINGALLOCATIONS.LIST>
<OLDAUDITENTRYIDS.LIST TYPE="Number">
<OLDAUDITENTRYIDS>-1</OLDAUDITENTRYIDS>
</OLDAUDITENTRYIDS.LIST>
<LEDGERNAME>Banquet Sales</LEDGERNAME>
<GSTCLASS>&#4; Not Applicable</GSTCLASS>
<ISDEEMEDPOSITIVE>No</ISDEEMEDPOSITIVE>
<LEDGERFROMITEM>No</LEDGERFROMITEM>
<REMOVEZEROENTRIES>No</REMOVEZEROENTRIES>
<ISPARTYLEDGER>No</ISPARTYLEDGER>
<GSTOVERRIDDEN>No</GSTOVERRIDDEN>
<ISGSTASSESSABLEVALUEOVERRIDDEN>No</ISGSTASSESSABLEVALUEOVERRIDDEN>
<STRDISGSTAPPLICABLE>No</STRDISGSTAPPLICABLE>
<STRDGSTISPARTYLEDGER>No</STRDGSTISPARTYLEDGER>
<STRDGSTISDUTYLEDGER>No</STRDGSTISDUTYLEDGER>
<CONTENTNEGISPOS>No</CONTENTNEGISPOS>
<ISLASTDEEMEDPOSITIVE>No</ISLASTDEEMEDPOSITIVE>
<ISCAPVATTAXALTERED>No</ISCAPVATTAXALTERED>
<ISCAPVATNOTCLAIMED>No</ISCAPVATNOTCLAIMED>
<AMOUNT>0</AMOUNT>
<SERVICETAXDETAILS.LIST> </SERVICETAXDETAILS.LIST>
<BANKALLOCATIONS.LIST> </BANKALLOCATIONS.LIST>
<BILLALLOCATIONS.LIST> </BILLALLOCATIONS.LIST>
<INTERESTCOLLECTION.LIST> </INTERESTCOLLECTION.LIST>
<OLDAUDITENTRIES.LIST> </OLDAUDITENTRIES.LIST>
<ACCOUNTAUDITENTRIES.LIST> </ACCOUNTAUDITENTRIES.LIST>
<AUDITENTRIES.LIST> </AUDITENTRIES.LIST>
<INPUTCRALLOCS.LIST> </INPUTCRALLOCS.LIST>
<DUTYHEADDETAILS.LIST> </DUTYHEADDETAILS.LIST>
<EXCISEDUTYHEADDETAILS.LIST> </EXCISEDUTYHEADDETAILS.LIST>
<RATEDETAILS.LIST> </RATEDETAILS.LIST>
<SUMMARYALLOCS.LIST> </SUMMARYALLOCS.LIST>
<CENVATDUTYALLOCATIONS.LIST> </CENVATDUTYALLOCATIONS.LIST>
<STPYMTDETAILS.LIST> </STPYMTDETAILS.LIST>
<EXCISEPAYMENTALLOCATIONS.LIST> </EXCISEPAYMENTALLOCATIONS.LIST>
<TAXBILLALLOCATIONS.LIST> </TAXBILLALLOCATIONS.LIST>
<TAXOBJECTALLOCATIONS.LIST> </TAXOBJECTALLOCATIONS.LIST>
<TDSEXPENSEALLOCATIONS.LIST> </TDSEXPENSEALLOCATIONS.LIST>
<VATSTATUTORYDETAILS.LIST> </VATSTATUTORYDETAILS.LIST>
<COSTTRACKALLOCATIONS.LIST> </COSTTRACKALLOCATIONS.LIST>
<REFVOUCHERDETAILS.LIST> </REFVOUCHERDETAILS.LIST>
<INVOICEWISEDETAILS.LIST> </INVOICEWISEDETAILS.LIST>
<VATITCDETAILS.LIST> </VATITCDETAILS.LIST>
<ADVANCETAXDETAILS.LIST> </ADVANCETAXDETAILS.LIST>
<TAXTYPEALLOCATIONS.LIST> </TAXTYPEALLOCATIONS.LIST>
</ACCOUNTINGALLOCATIONS.LIST>
<DUTYHEADDETAILS.LIST> </DUTYHEADDETAILS.LIST>
<RATEDETAILS.LIST> </RATEDETAILS.LIST>
<SUPPLEMENTARYDUTYHEADDETAILS.LIST> </SUPPLEMENTARYDUTYHEADDETAILS.LIST>
<TAXOBJECTALLOCATIONS.LIST> </TAXOBJECTALLOCATIONS.LIST>
<REFVOUCHERDETAILS.LIST> </REFVOUCHERDETAILS.LIST>
<EXCISEALLOCATIONS.LIST> </EXCISEALLOCATIONS.LIST>
<EXPENSEALLOCATIONS.LIST> </EXPENSEALLOCATIONS.LIST>
</ALLINVENTORYENTRIES.LIST>
<ALLINVENTORYENTRIES.LIST>
<STOCKITEMNAME>Decoration</STOCKITEMNAME>
<ISDEEMEDPOSITIVE>No</ISDEEMEDPOSITIVE>
<ISGSTASSESSABLEVALUEOVERRIDDEN>No</ISGSTASSESSABLEVALUEOVERRIDDEN>
<STRDISGSTAPPLICABLE>No</STRDISGSTAPPLICABLE>
<CONTENTNEGISPOS>No</CONTENTNEGISPOS>
<ISLASTDEEMEDPOSITIVE>No</ISLASTDEEMEDPOSITIVE>
<ISAUTONEGATE>No</ISAUTONEGATE>
<ISCUSTOMSCLEARANCE>No</ISCUSTOMSCLEARANCE>
<ISTRACKCOMPONENT>No</ISTRACKCOMPONENT>
<ISTRACKPRODUCTION>No</ISTRACKPRODUCTION>
<ISPRIMARYITEM>No</ISPRIMARYITEM>
<ISSCRAP>No</ISSCRAP>
<AMOUNT>30000</AMOUNT>
<BATCHALLOCATIONS.LIST>
<GODOWNNAME>Main Location</GODOWNNAME>
<BATCHNAME>Primary Batch</BATCHNAME>
<INDENTNO>&#4; Not Applicable</INDENTNO>
<ORDERNO>&#4; Not Applicable</ORDERNO>
<TRACKINGNUMBER>&#4; Not Applicable</TRACKINGNUMBER>
<DYNAMICCSTISCLEARED>No</DYNAMICCSTISCLEARED>
<AMOUNT>30000</AMOUNT>
<ADDITIONALDETAILS.LIST> </ADDITIONALDETAILS.LIST>
<VOUCHERCOMPONENTLIST.LIST> </VOUCHERCOMPONENTLIST.LIST>
</BATCHALLOCATIONS.LIST>
<ACCOUNTINGALLOCATIONS.LIST>
<OLDAUDITENTRYIDS.LIST TYPE="Number">
<OLDAUDITENTRYIDS>-1</OLDAUDITENTRYIDS>
</OLDAUDITENTRYIDS.LIST>
<LEDGERNAME>Banquet Sales</LEDGERNAME>
<GSTCLASS>&#4; Not Applicable</GSTCLASS>
<ISDEEMEDPOSITIVE>No</ISDEEMEDPOSITIVE>
<LEDGERFROMITEM>No</LEDGERFROMITEM>
<REMOVEZEROENTRIES>No</REMOVEZEROENTRIES>
<ISPARTYLEDGER>No</ISPARTYLEDGER>
<GSTOVERRIDDEN>No</GSTOVERRIDDEN>
<ISGSTASSESSABLEVALUEOVERRIDDEN>No</ISGSTASSESSABLEVALUEOVERRIDDEN>
<STRDISGSTAPPLICABLE>No</STRDISGSTAPPLICABLE>
<STRDGSTISPARTYLEDGER>No</STRDGSTISPARTYLEDGER>
<STRDGSTISDUTYLEDGER>No</STRDGSTISDUTYLEDGER>
<CONTENTNEGISPOS>No</CONTENTNEGISPOS>
<ISLASTDEEMEDPOSITIVE>No</ISLASTDEEMEDPOSITIVE>
<ISCAPVATTAXALTERED>No</ISCAPVATTAXALTERED>
<ISCAPVATNOTCLAIMED>No</ISCAPVATNOTCLAIMED>
<AMOUNT>30000</AMOUNT>
<SERVICETAXDETAILS.LIST> </SERVICETAXDETAILS.LIST>
<BANKALLOCATIONS.LIST> </BANKALLOCATIONS.LIST>
<BILLALLOCATIONS.LIST> </BILLALLOCATIONS.LIST>
<INTERESTCOLLECTION.LIST> </INTERESTCOLLECTION.LIST>
<OLDAUDITENTRIES.LIST> </OLDAUDITENTRIES.LIST>
<ACCOUNTAUDITENTRIES.LIST> </ACCOUNTAUDITENTRIES.LIST>
<AUDITENTRIES.LIST> </AUDITENTRIES.LIST>
<INPUTCRALLOCS.LIST> </INPUTCRALLOCS.LIST>
<DUTYHEADDETAILS.LIST> </DUTYHEADDETAILS.LIST>
<EXCISEDUTYHEADDETAILS.LIST> </EXCISEDUTYHEADDETAILS.LIST>
<RATEDETAILS.LIST> </RATEDETAILS.LIST>
<SUMMARYALLOCS.LIST> </SUMMARYALLOCS.LIST>
<CENVATDUTYALLOCATIONS.LIST> </CENVATDUTYALLOCATIONS.LIST>
<STPYMTDETAILS.LIST> </STPYMTDETAILS.LIST>
<EXCISEPAYMENTALLOCATIONS.LIST> </EXCISEPAYMENTALLOCATIONS.LIST>
<TAXBILLALLOCATIONS.LIST> </TAXBILLALLOCATIONS.LIST>
<TAXOBJECTALLOCATIONS.LIST> </TAXOBJECTALLOCATIONS.LIST>
<TDSEXPENSEALLOCATIONS.LIST> </TDSEXPENSEALLOCATIONS.LIST>
<VATSTATUTORYDETAILS.LIST> </VATSTATUTORYDETAILS.LIST>
<COSTTRACKALLOCATIONS.LIST> </COSTTRACKALLOCATIONS.LIST>
<REFVOUCHERDETAILS.LIST> </REFVOUCHERDETAILS.LIST>
<INVOICEWISEDETAILS.LIST> </INVOICEWISEDETAILS.LIST>
<VATITCDETAILS.LIST> </VATITCDETAILS.LIST>
<ADVANCETAXDETAILS.LIST> </ADVANCETAXDETAILS.LIST>
<TAXTYPEALLOCATIONS.LIST> </TAXTYPEALLOCATIONS.LIST>
</ACCOUNTINGALLOCATIONS.LIST>
<DUTYHEADDETAILS.LIST> </DUTYHEADDETAILS.LIST>
<RATEDETAILS.LIST> </RATEDETAILS.LIST>
<SUPPLEMENTARYDUTYHEADDETAILS.LIST> </SUPPLEMENTARYDUTYHEADDETAILS.LIST>
<TAXOBJECTALLOCATIONS.LIST> </TAXOBJECTALLOCATIONS.LIST>
<REFVOUCHERDETAILS.LIST> </REFVOUCHERDETAILS.LIST>
<EXCISEALLOCATIONS.LIST> </EXCISEALLOCATIONS.LIST>
<EXPENSEALLOCATIONS.LIST> </EXPENSEALLOCATIONS.LIST>
</ALLINVENTORYENTRIES.LIST>
<ALLINVENTORYENTRIES.LIST>
<STOCKITEMNAME>Walkway Carpet</STOCKITEMNAME>
<ISDEEMEDPOSITIVE>No</ISDEEMEDPOSITIVE>
<ISGSTASSESSABLEVALUEOVERRIDDEN>No</ISGSTASSESSABLEVALUEOVERRIDDEN>
<STRDISGSTAPPLICABLE>No</STRDISGSTAPPLICABLE>
<CONTENTNEGISPOS>No</CONTENTNEGISPOS>
<ISLASTDEEMEDPOSITIVE>No</ISLASTDEEMEDPOSITIVE>
<ISAUTONEGATE>No</ISAUTONEGATE>
<ISCUSTOMSCLEARANCE>No</ISCUSTOMSCLEARANCE>
<ISTRACKCOMPONENT>No</ISTRACKCOMPONENT>
<ISTRACKPRODUCTION>No</ISTRACKPRODUCTION>
<ISPRIMARYITEM>No</ISPRIMARYITEM>
<ISSCRAP>No</ISSCRAP>
<AMOUNT>5000</AMOUNT>
<BATCHALLOCATIONS.LIST>
<GODOWNNAME>Main Location</GODOWNNAME>
<BATCHNAME>Primary Batch</BATCHNAME>
<INDENTNO>&#4; Not Applicable</INDENTNO>
<ORDERNO>&#4; Not Applicable</ORDERNO>
<TRACKINGNUMBER>&#4; Not Applicable</TRACKINGNUMBER>
<DYNAMICCSTISCLEARED>No</DYNAMICCSTISCLEARED>
<AMOUNT>5000</AMOUNT>
<ADDITIONALDETAILS.LIST> </ADDITIONALDETAILS.LIST>
<VOUCHERCOMPONENTLIST.LIST> </VOUCHERCOMPONENTLIST.LIST>
</BATCHALLOCATIONS.LIST>
<ACCOUNTINGALLOCATIONS.LIST>
<OLDAUDITENTRYIDS.LIST TYPE="Number">
<OLDAUDITENTRYIDS>-1</OLDAUDITENTRYIDS>
</OLDAUDITENTRYIDS.LIST>
<LEDGERNAME>Banquet Sales</LEDGERNAME>
<GSTCLASS>&#4; Not Applicable</GSTCLASS>
<ISDEEMEDPOSITIVE>No</ISDEEMEDPOSITIVE>
<LEDGERFROMITEM>No</LEDGERFROMITEM>
<REMOVEZEROENTRIES>No</REMOVEZEROENTRIES>
<ISPARTYLEDGER>No</ISPARTYLEDGER>
<GSTOVERRIDDEN>No</GSTOVERRIDDEN>
<ISGSTASSESSABLEVALUEOVERRIDDEN>No</ISGSTASSESSABLEVALUEOVERRIDDEN>
<STRDISGSTAPPLICABLE>No</STRDISGSTAPPLICABLE>
<STRDGSTISPARTYLEDGER>No</STRDGSTISPARTYLEDGER>
<STRDGSTISDUTYLEDGER>No</STRDGSTISDUTYLEDGER>
<CONTENTNEGISPOS>No</CONTENTNEGISPOS>
<ISLASTDEEMEDPOSITIVE>No</ISLASTDEEMEDPOSITIVE>
<ISCAPVATTAXALTERED>No</ISCAPVATTAXALTERED>
<ISCAPVATNOTCLAIMED>No</ISCAPVATNOTCLAIMED>
<AMOUNT>5000</AMOUNT>
<SERVICETAXDETAILS.LIST> </SERVICETAXDETAILS.LIST>
<BANKALLOCATIONS.LIST> </BANKALLOCATIONS.LIST>
<BILLALLOCATIONS.LIST> </BILLALLOCATIONS.LIST>
<INTERESTCOLLECTION.LIST> </INTERESTCOLLECTION.LIST>
<OLDAUDITENTRIES.LIST> </OLDAUDITENTRIES.LIST>
<ACCOUNTAUDITENTRIES.LIST> </ACCOUNTAUDITENTRIES.LIST>
<AUDITENTRIES.LIST> </AUDITENTRIES.LIST>
<INPUTCRALLOCS.LIST> </INPUTCRALLOCS.LIST>
<DUTYHEADDETAILS.LIST> </DUTYHEADDETAILS.LIST>
<EXCISEDUTYHEADDETAILS.LIST> </EXCISEDUTYHEADDETAILS.LIST>
<RATEDETAILS.LIST> </RATEDETAILS.LIST>
<SUMMARYALLOCS.LIST> </SUMMARYALLOCS.LIST>
<CENVATDUTYALLOCATIONS.LIST> </CENVATDUTYALLOCATIONS.LIST>
<STPYMTDETAILS.LIST> </STPYMTDETAILS.LIST>
<EXCISEPAYMENTALLOCATIONS.LIST> </EXCISEPAYMENTALLOCATIONS.LIST>
<TAXBILLALLOCATIONS.LIST> </TAXBILLALLOCATIONS.LIST>
<TAXOBJECTALLOCATIONS.LIST> </TAXOBJECTALLOCATIONS.LIST>
<TDSEXPENSEALLOCATIONS.LIST> </TDSEXPENSEALLOCATIONS.LIST>
<VATSTATUTORYDETAILS.LIST> </VATSTATUTORYDETAILS.LIST>
<COSTTRACKALLOCATIONS.LIST> </COSTTRACKALLOCATIONS.LIST>
<REFVOUCHERDETAILS.LIST> </REFVOUCHERDETAILS.LIST>
<INVOICEWISEDETAILS.LIST> </INVOICEWISEDETAILS.LIST>
<VATITCDETAILS.LIST> </VATITCDETAILS.LIST>
<ADVANCETAXDETAILS.LIST> </ADVANCETAXDETAILS.LIST>
<TAXTYPEALLOCATIONS.LIST> </TAXTYPEALLOCATIONS.LIST>
</ACCOUNTINGALLOCATIONS.LIST>
<DUTYHEADDETAILS.LIST> </DUTYHEADDETAILS.LIST>
<RATEDETAILS.LIST> </RATEDETAILS.LIST>
<SUPPLEMENTARYDUTYHEADDETAILS.LIST> </SUPPLEMENTARYDUTYHEADDETAILS.LIST>
<TAXOBJECTALLOCATIONS.LIST> </TAXOBJECTALLOCATIONS.LIST>
<REFVOUCHERDETAILS.LIST> </REFVOUCHERDETAILS.LIST>
<EXCISEALLOCATIONS.LIST> </EXCISEALLOCATIONS.LIST>
<EXPENSEALLOCATIONS.LIST> </EXPENSEALLOCATIONS.LIST>
</ALLINVENTORYENTRIES.LIST>
<ALLINVENTORYENTRIES.LIST>
<STOCKITEMNAME>Cake Charges</STOCKITEMNAME>
<ISDEEMEDPOSITIVE>No</ISDEEMEDPOSITIVE>
<ISGSTASSESSABLEVALUEOVERRIDDEN>No</ISGSTASSESSABLEVALUEOVERRIDDEN>
<STRDISGSTAPPLICABLE>No</STRDISGSTAPPLICABLE>
<CONTENTNEGISPOS>No</CONTENTNEGISPOS>
<ISLASTDEEMEDPOSITIVE>No</ISLASTDEEMEDPOSITIVE>
<ISAUTONEGATE>No</ISAUTONEGATE>
<ISCUSTOMSCLEARANCE>No</ISCUSTOMSCLEARANCE>
<ISTRACKCOMPONENT>No</ISTRACKCOMPONENT>
<ISTRACKPRODUCTION>No</ISTRACKPRODUCTION>
<ISPRIMARYITEM>No</ISPRIMARYITEM>
<ISSCRAP>No</ISSCRAP>
<AMOUNT>500</AMOUNT>
<BATCHALLOCATIONS.LIST>
<GODOWNNAME>Main Location</GODOWNNAME>
<BATCHNAME>Primary Batch</BATCHNAME>
<INDENTNO>&#4; Not Applicable</INDENTNO>
<ORDERNO>&#4; Not Applicable</ORDERNO>
<TRACKINGNUMBER>&#4; Not Applicable</TRACKINGNUMBER>
<DYNAMICCSTISCLEARED>No</DYNAMICCSTISCLEARED>
<AMOUNT>500</AMOUNT>
<ADDITIONALDETAILS.LIST> </ADDITIONALDETAILS.LIST>
<VOUCHERCOMPONENTLIST.LIST> </VOUCHERCOMPONENTLIST.LIST>
</BATCHALLOCATIONS.LIST>
<ACCOUNTINGALLOCATIONS.LIST>
<OLDAUDITENTRYIDS.LIST TYPE="Number">
<OLDAUDITENTRYIDS>-1</OLDAUDITENTRYIDS>
</OLDAUDITENTRYIDS.LIST>
<LEDGERNAME>Banquet Sales</LEDGERNAME>
<GSTCLASS>&#4; Not Applicable</GSTCLASS>
<ISDEEMEDPOSITIVE>No</ISDEEMEDPOSITIVE>
<LEDGERFROMITEM>No</LEDGERFROMITEM>
<REMOVEZEROENTRIES>No</REMOVEZEROENTRIES>
<ISPARTYLEDGER>No</ISPARTYLEDGER>
<GSTOVERRIDDEN>No</GSTOVERRIDDEN>
<ISGSTASSESSABLEVALUEOVERRIDDEN>No</ISGSTASSESSABLEVALUEOVERRIDDEN>
<STRDISGSTAPPLICABLE>No</STRDISGSTAPPLICABLE>
<STRDGSTISPARTYLEDGER>No</STRDGSTISPARTYLEDGER>
<STRDGSTISDUTYLEDGER>No</STRDGSTISDUTYLEDGER>
<CONTENTNEGISPOS>No</CONTENTNEGISPOS>
<ISLASTDEEMEDPOSITIVE>No</ISLASTDEEMEDPOSITIVE>
<ISCAPVATTAXALTERED>No</ISCAPVATTAXALTERED>
<ISCAPVATNOTCLAIMED>No</ISCAPVATNOTCLAIMED>
<AMOUNT>500</AMOUNT>
<SERVICETAXDETAILS.LIST> </SERVICETAXDETAILS.LIST>
<BANKALLOCATIONS.LIST> </BANKALLOCATIONS.LIST>
<BILLALLOCATIONS.LIST> </BILLALLOCATIONS.LIST>
<INTERESTCOLLECTION.LIST> </INTERESTCOLLECTION.LIST>
<OLDAUDITENTRIES.LIST> </OLDAUDITENTRIES.LIST>
<ACCOUNTAUDITENTRIES.LIST> </ACCOUNTAUDITENTRIES.LIST>
<AUDITENTRIES.LIST> </AUDITENTRIES.LIST>
<INPUTCRALLOCS.LIST> </INPUTCRALLOCS.LIST>
<DUTYHEADDETAILS.LIST> </DUTYHEADDETAILS.LIST>
<EXCISEDUTYHEADDETAILS.LIST> </EXCISEDUTYHEADDETAILS.LIST>
<RATEDETAILS.LIST> </RATEDETAILS.LIST>
<SUMMARYALLOCS.LIST> </SUMMARYALLOCS.LIST>
<CENVATDUTYALLOCATIONS.LIST> </CENVATDUTYALLOCATIONS.LIST>
<STPYMTDETAILS.LIST> </STPYMTDETAILS.LIST>
<EXCISEPAYMENTALLOCATIONS.LIST> </EXCISEPAYMENTALLOCATIONS.LIST>
<TAXBILLALLOCATIONS.LIST> </TAXBILLALLOCATIONS.LIST>
<TAXOBJECTALLOCATIONS.LIST> </TAXOBJECTALLOCATIONS.LIST>
<TDSEXPENSEALLOCATIONS.LIST> </TDSEXPENSEALLOCATIONS.LIST>
<VATSTATUTORYDETAILS.LIST> </VATSTATUTORYDETAILS.LIST>
<COSTTRACKALLOCATIONS.LIST> </COSTTRACKALLOCATIONS.LIST>
<REFVOUCHERDETAILS.LIST> </REFVOUCHERDETAILS.LIST>
<INVOICEWISEDETAILS.LIST> </INVOICEWISEDETAILS.LIST>
<VATITCDETAILS.LIST> </VATITCDETAILS.LIST>
<ADVANCETAXDETAILS.LIST> </ADVANCETAXDETAILS.LIST>
<TAXTYPEALLOCATIONS.LIST> </TAXTYPEALLOCATIONS.LIST>
</ACCOUNTINGALLOCATIONS.LIST>
<DUTYHEADDETAILS.LIST> </DUTYHEADDETAILS.LIST>
<RATEDETAILS.LIST> </RATEDETAILS.LIST>
<SUPPLEMENTARYDUTYHEADDETAILS.LIST> </SUPPLEMENTARYDUTYHEADDETAILS.LIST>
<TAXOBJECTALLOCATIONS.LIST> </TAXOBJECTALLOCATIONS.LIST>
<REFVOUCHERDETAILS.LIST> </REFVOUCHERDETAILS.LIST>
<EXCISEALLOCATIONS.LIST> </EXCISEALLOCATIONS.LIST>
<EXPENSEALLOCATIONS.LIST> </EXPENSEALLOCATIONS.LIST>
</ALLINVENTORYENTRIES.LIST>
<CONTRITRANS.LIST> </CONTRITRANS.LIST>
<EWAYBILLERRORLIST.LIST> </EWAYBILLERRORLIST.LIST>
<IRNERRORLIST.LIST> </IRNERRORLIST.LIST>
<HARYANAVAT.LIST> </HARYANAVAT.LIST>
<SUPPLEMENTARYDUTYHEADDETAILS.LIST> </SUPPLEMENTARYDUTYHEADDETAILS.LIST>
<INVOICEDELNOTES.LIST> </INVOICEDELNOTES.LIST>
<INVOICEORDERLIST.LIST> </INVOICEORDERLIST.LIST>
<INVOICEINDENTLIST.LIST> </INVOICEINDENTLIST.LIST>
<ATTENDANCEENTRIES.LIST> </ATTENDANCEENTRIES.LIST>
<ORIGINVOICEDETAILS.LIST> </ORIGINVOICEDETAILS.LIST>
<INVOICEEXPORTLIST.LIST> </INVOICEEXPORTLIST.LIST>
<LEDGERENTRIES.LIST>
<OLDAUDITENTRYIDS.LIST TYPE="Number">
<OLDAUDITENTRYIDS>-1</OLDAUDITENTRYIDS>
</OLDAUDITENTRYIDS.LIST>
<LEDGERNAME>Himanshu</LEDGERNAME>
<GSTCLASS>&#4; Not Applicable</GSTCLASS>
<ISDEEMEDPOSITIVE>Yes</ISDEEMEDPOSITIVE>
<LEDGERFROMITEM>No</LEDGERFROMITEM>
<REMOVEZEROENTRIES>No</REMOVEZEROENTRIES>
<ISPARTYLEDGER>Yes</ISPARTYLEDGER>
<GSTOVERRIDDEN>No</GSTOVERRIDDEN>
<ISGSTASSESSABLEVALUEOVERRIDDEN>No</ISGSTASSESSABLEVALUEOVERRIDDEN>
<STRDISGSTAPPLICABLE>No</STRDISGSTAPPLICABLE>
<STRDGSTISPARTYLEDGER>No</STRDGSTISPARTYLEDGER>
<STRDGSTISDUTYLEDGER>No</STRDGSTISDUTYLEDGER>
<CONTENTNEGISPOS>No</CONTENTNEGISPOS>
<ISLASTDEEMEDPOSITIVE>Yes</ISLASTDEEMEDPOSITIVE>
<ISCAPVATTAXALTERED>No</ISCAPVATTAXALTERED>
<ISCAPVATNOTCLAIMED>No</ISCAPVATNOTCLAIMED>
<AMOUNT>-545500</AMOUNT>
<SERVICETAXDETAILS.LIST> </SERVICETAXDETAILS.LIST>
<BANKALLOCATIONS.LIST> </BANKALLOCATIONS.LIST>
<BILLALLOCATIONS.LIST>
<NAME>BQ-1</NAME>
<BILLTYPE>New Ref</BILLTYPE>
<TDSDEDUCTEEISSPECIALRATE>No</TDSDEDUCTEEISSPECIALRATE>
<AMOUNT>-545500</AMOUNT>
<INTERESTCOLLECTION.LIST> </INTERESTCOLLECTION.LIST>
<STBILLCATEGORIES.LIST> </STBILLCATEGORIES.LIST>
</BILLALLOCATIONS.LIST>
<INTERESTCOLLECTION.LIST> </INTERESTCOLLECTION.LIST>
<OLDAUDITENTRIES.LIST> </OLDAUDITENTRIES.LIST>
<ACCOUNTAUDITENTRIES.LIST> </ACCOUNTAUDITENTRIES.LIST>
<AUDITENTRIES.LIST> </AUDITENTRIES.LIST>
<INPUTCRALLOCS.LIST> </INPUTCRALLOCS.LIST>
<DUTYHEADDETAILS.LIST> </DUTYHEADDETAILS.LIST>
<EXCISEDUTYHEADDETAILS.LIST> </EXCISEDUTYHEADDETAILS.LIST>
<RATEDETAILS.LIST> </RATEDETAILS.LIST>
<SUMMARYALLOCS.LIST> </SUMMARYALLOCS.LIST>
<CENVATDUTYALLOCATIONS.LIST> </CENVATDUTYALLOCATIONS.LIST>
<STPYMTDETAILS.LIST> </STPYMTDETAILS.LIST>
<EXCISEPAYMENTALLOCATIONS.LIST> </EXCISEPAYMENTALLOCATIONS.LIST>
<TAXBILLALLOCATIONS.LIST> </TAXBILLALLOCATIONS.LIST>
<TAXOBJECTALLOCATIONS.LIST> </TAXOBJECTALLOCATIONS.LIST>
<TDSEXPENSEALLOCATIONS.LIST> </TDSEXPENSEALLOCATIONS.LIST>
<VATSTATUTORYDETAILS.LIST> </VATSTATUTORYDETAILS.LIST>
<COSTTRACKALLOCATIONS.LIST> </COSTTRACKALLOCATIONS.LIST>
<REFVOUCHERDETAILS.LIST> </REFVOUCHERDETAILS.LIST>
<INVOICEWISEDETAILS.LIST> </INVOICEWISEDETAILS.LIST>
<VATITCDETAILS.LIST> </VATITCDETAILS.LIST>
<ADVANCETAXDETAILS.LIST> </ADVANCETAXDETAILS.LIST>
<TAXTYPEALLOCATIONS.LIST> </TAXTYPEALLOCATIONS.LIST>
</LEDGERENTRIES.LIST>
<GST.LIST> </GST.LIST>
<STKJRNLADDLCOSTDETAILS.LIST> </STKJRNLADDLCOSTDETAILS.LIST>
<PAYROLLMODEOFPAYMENT.LIST> </PAYROLLMODEOFPAYMENT.LIST>
<ATTDRECORDS.LIST> </ATTDRECORDS.LIST>
<GSTEWAYCONSIGNORADDRESS.LIST> </GSTEWAYCONSIGNORADDRESS.LIST>
<GSTEWAYCONSIGNEEADDRESS.LIST> </GSTEWAYCONSIGNEEADDRESS.LIST>
<TEMPGSTRATEDETAILS.LIST> </TEMPGSTRATEDETAILS.LIST>
<TEMPGSTADVADJUSTED.LIST> </TEMPGSTADVADJUSTED.LIST>
<GSTBUYERADDRESS.LIST> </GSTBUYERADDRESS.LIST>
<GSTCONSIGNEEADDRESS.LIST> </GSTCONSIGNEEADDRESS.LIST>
</VOUCHER>
</TALLYMESSAGE>
<TALLYMESSAGE UDF="TallyUDF">
<VOUCHER REMOTEID="ef1532b1-c551-4b3f-ac45-04402e1668cc-00000002" VCHKEY="ef1532b1-c551-4b3f-ac45-04402e1668cc-0000b146:00000004" VCHTYPE="Receipt" ACTION="Create" OBJVIEW="Accounting Voucher View">
<OLDAUDITENTRYIDS.LIST TYPE="Number">
<OLDAUDITENTRYIDS>-1</OLDAUDITENTRYIDS>
</OLDAUDITENTRYIDS.LIST>
<DATE>20240420</DATE>
<VCHSTATUSDATE>20240420</VCHSTATUSDATE>
<GUID>ef1532b1-c551-4b3f-ac45-04402e1668cc-00000002</GUID>
<NARRATION>Receipt ID: </NARRATION>
<GSTREGISTRATION TAXTYPE="GST" TAXREGISTRATION="">ABC Pvt Ltd</GSTREGISTRATION>
<VOUCHERTYPENAME>Receipt</VOUCHERTYPENAME>
<PARTYLEDGERNAME>Himanshu</PARTYLEDGERNAME>
<VOUCHERNUMBER>2</VOUCHERNUMBER>
<CMPGSTREGISTRATIONTYPE>Regular</CMPGSTREGISTRATIONTYPE>
<NUMBERINGSTYLE>Auto Retain</NUMBERINGSTYLE>
<CSTFORMISSUETYPE>&#4; Not Applicable</CSTFORMISSUETYPE>
<CSTFORMRECVTYPE>&#4; Not Applicable</CSTFORMRECVTYPE>
<FBTPAYMENTTYPE>Default</FBTPAYMENTTYPE>
<PERSISTEDVIEW>Accounting Voucher View</PERSISTEDVIEW>
<VCHSTATUSTAXADJUSTMENT>Default</VCHSTATUSTAXADJUSTMENT>
<VCHSTATUSVOUCHERTYPE>Receipt</VCHSTATUSVOUCHERTYPE>
<VCHSTATUSTAXUNIT>ABC Pvt Ltd</VCHSTATUSTAXUNIT>
<VCHGSTCLASS>&#4; Not Applicable</VCHGSTCLASS>
<DIFFACTUALQTY>No</DIFFACTUALQTY>
<ISMSTFROMSYNC>No</ISMSTFROMSYNC>
<ISDELETED>No</ISDELETED>
<ISSECURITYONWHENENTERED>No</ISSECURITYONWHENENTERED>
<ASORIGINAL>No</ASORIGINAL>
<AUDITED>No</AUDITED>
<ISCOMMONPARTY>No</ISCOMMONPARTY>
<FORJOBCOSTING>No</FORJOBCOSTING>
<ISOPTIONAL>No</ISOPTIONAL>
<EFFECTIVEDATE>20240401</EFFECTIVEDATE>
<USEFOREXCISE>No</USEFOREXCISE>
<ISFORJOBWORKIN>No</ISFORJOBWORKIN>
<ALLOWCONSUMPTION>No</ALLOWCONSUMPTION>
<USEFORINTEREST>No</USEFORINTEREST>
<USEFORGAINLOSS>No</USEFORGAINLOSS>
<USEFORGODOWNTRANSFER>No</USEFORGODOWNTRANSFER>
<USEFORCOMPOUND>No</USEFORCOMPOUND>
<USEFORSERVICETAX>No</USEFORSERVICETAX>
<ISREVERSECHARGEAPPLICABLE>No</ISREVERSECHARGEAPPLICABLE>
<ISSYSTEM>No</ISSYSTEM>
<ISFETCHEDONLY>No</ISFETCHEDONLY>
<ISGSTOVERRIDDEN>No</ISGSTOVERRIDDEN>
<ISCANCELLED>No</ISCANCELLED>
<ISONHOLD>No</ISONHOLD>
<ISSUMMARY>No</ISSUMMARY>
<ISECOMMERCESUPPLY>No</ISECOMMERCESUPPLY>
<ISBOENOTAPPLICABLE>No</ISBOENOTAPPLICABLE>
<ISGSTSECSEVENAPPLICABLE>No</ISGSTSECSEVENAPPLICABLE>
<IGNOREEINVVALIDATION>No</IGNOREEINVVALIDATION>
<CMPGSTISOTHTERRITORYASSESSEE>No</CMPGSTISOTHTERRITORYASSESSEE>
<PARTYGSTISOTHTERRITORYASSESSEE>No</PARTYGSTISOTHTERRITORYASSESSEE>
<IRNJSONEXPORTED>No</IRNJSONEXPORTED>
<IRNCANCELLED>No</IRNCANCELLED>
<IGNOREGSTCONFLICTINMIG>No</IGNOREGSTCONFLICTINMIG>
<ISOPBALTRANSACTION>No</ISOPBALTRANSACTION>
<IGNOREGSTFORMATVALIDATION>No</IGNOREGSTFORMATVALIDATION>
<ISELIGIBLEFORITC>Yes</ISELIGIBLEFORITC>
<UPDATESUMMARYVALUES>No</UPDATESUMMARYVALUES>
<ISEWAYBILLAPPLICABLE>No</ISEWAYBILLAPPLICABLE>
<ISDELETEDRETAINED>No</ISDELETEDRETAINED>
<ISNULL>No</ISNULL>
<ISEXCISEVOUCHER>No</ISEXCISEVOUCHER>
<EXCISETAXOVERRIDE>No</EXCISETAXOVERRIDE>
<USEFORTAXUNITTRANSFER>No</USEFORTAXUNITTRANSFER>
<ISEXER1NOPOVERWRITE>No</ISEXER1NOPOVERWRITE>
<ISEXF2NOPOVERWRITE>No</ISEXF2NOPOVERWRITE>
<ISEXER3NOPOVERWRITE>No</ISEXER3NOPOVERWRITE>
<IGNOREPOSVALIDATION>No</IGNOREPOSVALIDATION>
<EXCISEOPENING>No</EXCISEOPENING>
<USEFORFINALPRODUCTION>No</USEFORFINALPRODUCTION>
<ISTDSOVERRIDDEN>No</ISTDSOVERRIDDEN>
<ISTCSOVERRIDDEN>No</ISTCSOVERRIDDEN>
<ISTDSTCSCASHVCH>No</ISTDSTCSCASHVCH>
<INCLUDEADVPYMTVCH>No</INCLUDEADVPYMTVCH>
<ISSUBWORKSCONTRACT>No</ISSUBWORKSCONTRACT>
<ISVATOVERRIDDEN>No</ISVATOVERRIDDEN>
<IGNOREORIGVCHDATE>No</IGNOREORIGVCHDATE>
<ISVATPAIDATCUSTOMS>No</ISVATPAIDATCUSTOMS>
<ISDECLAREDTOCUSTOMS>No</ISDECLAREDTOCUSTOMS>
<VATADVANCEPAYMENT>No</VATADVANCEPAYMENT>
<VATADVPAY>No</VATADVPAY>
<ISCSTDELCAREDGOODSSALES>No</ISCSTDELCAREDGOODSSALES>
<ISVATRESTAXINV>No</ISVATRESTAXINV>
<ISSERVICETAXOVERRIDDEN>No</ISSERVICETAXOVERRIDDEN>
<ISISDVOUCHER>No</ISISDVOUCHER>
<ISEXCISEOVERRIDDEN>No</ISEXCISEOVERRIDDEN>
<ISEXCISESUPPLYVCH>No</ISEXCISESUPPLYVCH>
<GSTNOTEXPORTED>No</GSTNOTEXPORTED>
<IGNOREGSTINVALIDATION>No</IGNOREGSTINVALIDATION>
<ISGSTREFUND>No</ISGSTREFUND>
<OVRDNEWAYBILLAPPLICABILITY>No</OVRDNEWAYBILLAPPLICABILITY>
<ISVATPRINCIPALACCOUNT>No</ISVATPRINCIPALACCOUNT>
<VCHSTATUSISVCHNUMUSED>No</VCHSTATUSISVCHNUMUSED>
<VCHGSTSTATUSISINCLUDED>No</VCHGSTSTATUSISINCLUDED>
<VCHGSTSTATUSISUNCERTAIN>No</VCHGSTSTATUSISUNCERTAIN>
<VCHGSTSTATUSISEXCLUDED>No</VCHGSTSTATUSISEXCLUDED>
<VCHGSTSTATUSISAPPLICABLE>No</VCHGSTSTATUSISAPPLICABLE>
<VCHGSTSTATUSISGSTR2BRECONCILED>No</VCHGSTSTATUSISGSTR2BRECONCILED>
<VCHGSTSTATUSISGSTR2BONLYINPORTAL>No</VCHGSTSTATUSISGSTR2BONLYINPORTAL>
<VCHGSTSTATUSISGSTR2BONLYINBOOKS>No</VCHGSTSTATUSISGSTR2BONLYINBOOKS>
<VCHGSTSTATUSISGSTR2BMISMATCH>No</VCHGSTSTATUSISGSTR2BMISMATCH>
<VCHGSTSTATUSISGSTR2BINDIFFPERIOD>No</VCHGSTSTATUSISGSTR2BINDIFFPERIOD>
<VCHGSTSTATUSISRETEFFDATEOVERRDN>No</VCHGSTSTATUSISRETEFFDATEOVERRDN>
<VCHGSTSTATUSISOVERRDN>No</VCHGSTSTATUSISOVERRDN>
<VCHGSTSTATUSISSTATINDIFFDATE>No</VCHGSTSTATUSISSTATINDIFFDATE>
<VCHGSTSTATUSISRETINDIFFDATE>No</VCHGSTSTATUSISRETINDIFFDATE>
<VCHGSTSTATUSMAINSECTIONEXCLUDED>No</VCHGSTSTATUSMAINSECTIONEXCLUDED>
<VCHGSTSTATUSISBRANCHTRANSFEROUT>No</VCHGSTSTATUSISBRANCHTRANSFEROUT>
<VCHGSTSTATUSISSYSTEMSUMMARY>No</VCHGSTSTATUSISSYSTEMSUMMARY>
<VCHSTATUSISUNREGISTEREDRCM>No</VCHSTATUSISUNREGISTEREDRCM>
<VCHSTATUSISOPTIONAL>No</VCHSTATUSISOPTIONAL>
<VCHSTATUSISCANCELLED>No</VCHSTATUSISCANCELLED>
<VCHSTATUSISDELETED>No</VCHSTATUSISDELETED>
<VCHSTATUSISOPENINGBALANCE>No</VCHSTATUSISOPENINGBALANCE>
<VCHSTATUSISFETCHEDONLY>No</VCHSTATUSISFETCHEDONLY>
<PAYMENTLINKHASMULTIREF>No</PAYMENTLINKHASMULTIREF>
<ISSHIPPINGWITHINSTATE>No</ISSHIPPINGWITHINSTATE>
<ISOVERSEASTOURISTTRANS>No</ISOVERSEASTOURISTTRANS>
<ISDESIGNATEDZONEPARTY>No</ISDESIGNATEDZONEPARTY>
<HASCASHFLOW>Yes</HASCASHFLOW>
<ISPOSTDATED>No</ISPOSTDATED>
<USETRACKINGNUMBER>No</USETRACKINGNUMBER>
<ISINVOICE>No</ISINVOICE>
<MFGJOURNAL>No</MFGJOURNAL>
<HASDISCOUNTS>No</HASDISCOUNTS>
<ASPAYSLIP>No</ASPAYSLIP>
<ISCOSTCENTRE>No</ISCOSTCENTRE>
<ISSTXNONREALIZEDVCH>No</ISSTXNONREALIZEDVCH>
<ISEXCISEMANUFACTURERON>No</ISEXCISEMANUFACTURERON>
<ISBLANKCHEQUE>No</ISBLANKCHEQUE>
<ISVOID>No</ISVOID>
<ORDERLINESTATUS>No</ORDERLINESTATUS>
<VATISAGNSTCANCSALES>No</VATISAGNSTCANCSALES>
<VATISPURCEXEMPTED>No</VATISPURCEXEMPTED>
<ISVATRESTAXINVOICE>No</ISVATRESTAXINVOICE>
<VATISASSESABLECALCVCH>No</VATISASSESABLECALCVCH>
<ISVATDUTYPAID>Yes</ISVATDUTYPAID>
<ISDELIVERYSAMEASCONSIGNEE>No</ISDELIVERYSAMEASCONSIGNEE>
<ISDISPATCHSAMEASCONSIGNOR>No</ISDISPATCHSAMEASCONSIGNOR>
<ISDELETEDVCHRETAINED>No</ISDELETEDVCHRETAINED>
<CHANGEVCHMODE>No</CHANGEVCHMODE>
<RESETIRNQRCODE>No</RESETIRNQRCODE>
<ALTERID>2</ALTERID>
<MASTERID>2</MASTERID>
<VOUCHERKEY>194914205827088</VOUCHERKEY>
<VOUCHERRETAINKEY>1</VOUCHERRETAINKEY>
<VOUCHERNUMBERSERIES>Default</VOUCHERNUMBERSERIES>
<EWAYBILLDETAILS.LIST> </EWAYBILLDETAILS.LIST>
<EXCLUDEDTAXATIONS.LIST> </EXCLUDEDTAXATIONS.LIST>
<OLDAUDITENTRIES.LIST> </OLDAUDITENTRIES.LIST>
<ACCOUNTAUDITENTRIES.LIST> </ACCOUNTAUDITENTRIES.LIST>
<AUDITENTRIES.LIST> </AUDITENTRIES.LIST>
<DUTYHEADDETAILS.LIST> </DUTYHEADDETAILS.LIST>
<GSTADVADJDETAILS.LIST> </GSTADVADJDETAILS.LIST>
<CONTRITRANS.LIST> </CONTRITRANS.LIST>
<EWAYBILLERRORLIST.LIST> </EWAYBILLERRORLIST.LIST>
<IRNERRORLIST.LIST> </IRNERRORLIST.LIST>
<HARYANAVAT.LIST> </HARYANAVAT.LIST>
<SUPPLEMENTARYDUTYHEADDETAILS.LIST> </SUPPLEMENTARYDUTYHEADDETAILS.LIST>
<INVOICEDELNOTES.LIST> </INVOICEDELNOTES.LIST>
<INVOICEORDERLIST.LIST> </INVOICEORDERLIST.LIST>
<INVOICEINDENTLIST.LIST> </INVOICEINDENTLIST.LIST>
<ATTENDANCEENTRIES.LIST> </ATTENDANCEENTRIES.LIST>
<ORIGINVOICEDETAILS.LIST> </ORIGINVOICEDETAILS.LIST>
<INVOICEEXPORTLIST.LIST> </INVOICEEXPORTLIST.LIST>
<ALLLEDGERENTRIES.LIST>
<OLDAUDITENTRYIDS.LIST TYPE="Number">
<OLDAUDITENTRYIDS>-1</OLDAUDITENTRYIDS>
</OLDAUDITENTRYIDS.LIST>
<APPROPRIATEFOR>&#4; Not Applicable</APPROPRIATEFOR>
<LEDGERNAME>Himanshu</LEDGERNAME>
<GSTCLASS>&#4; Not Applicable</GSTCLASS>
<ISDEEMEDPOSITIVE>No</ISDEEMEDPOSITIVE>
<LEDGERFROMITEM>No</LEDGERFROMITEM>
<REMOVEZEROENTRIES>No</REMOVEZEROENTRIES>
<ISPARTYLEDGER>No</ISPARTYLEDGER>
<GSTOVERRIDDEN>No</GSTOVERRIDDEN>
<ISGSTASSESSABLEVALUEOVERRIDDEN>No</ISGSTASSESSABLEVALUEOVERRIDDEN>
<STRDISGSTAPPLICABLE>No</STRDISGSTAPPLICABLE>
<STRDGSTISPARTYLEDGER>No</STRDGSTISPARTYLEDGER>
<STRDGSTISDUTYLEDGER>No</STRDGSTISDUTYLEDGER>
<CONTENTNEGISPOS>No</CONTENTNEGISPOS>
<ISLASTDEEMEDPOSITIVE>No</ISLASTDEEMEDPOSITIVE>
<ISCAPVATTAXALTERED>No</ISCAPVATTAXALTERED>
<ISCAPVATNOTCLAIMED>No</ISCAPVATNOTCLAIMED>
<ISPARTYLEDGER>Yes</ISPARTYLEDGER>
<AMOUNT>10000</AMOUNT>
<SERVICETAXDETAILS.LIST/>
<BANKALLOCATIONS.LIST/>
<BILLALLOCATIONS.LIST>
<NAME>BQ-1</NAME>
<BILLTYPE>Agst Ref</BILLTYPE>
<TDSDEDUCTEEISSPECIALRATE>No</TDSDEDUCTEEISSPECIALRATE>
<AMOUNT>10000</AMOUNT>
<INTERESTCOLLECTION.LIST> </INTERESTCOLLECTION.LIST>
<STBILLCATEGORIES.LIST> </STBILLCATEGORIES.LIST>
</BILLALLOCATIONS.LIST>
<INTERESTCOLLECTION.LIST> </INTERESTCOLLECTION.LIST>
<OLDAUDITENTRIES.LIST> </OLDAUDITENTRIES.LIST>
<ACCOUNTAUDITENTRIES.LIST> </ACCOUNTAUDITENTRIES.LIST>
<AUDITENTRIES.LIST> </AUDITENTRIES.LIST>
<INPUTCRALLOCS.LIST> </INPUTCRALLOCS.LIST>
<DUTYHEADDETAILS.LIST> </DUTYHEADDETAILS.LIST>
<EXCISEDUTYHEADDETAILS.LIST> </EXCISEDUTYHEADDETAILS.LIST>
<RATEDETAILS.LIST> </RATEDETAILS.LIST>
<SUMMARYALLOCS.LIST> </SUMMARYALLOCS.LIST>
<CENVATDUTYALLOCATIONS.LIST> </CENVATDUTYALLOCATIONS.LIST>
<STPYMTDETAILS.LIST> </STPYMTDETAILS.LIST>
<EXCISEPAYMENTALLOCATIONS.LIST> </EXCISEPAYMENTALLOCATIONS.LIST>
<TAXBILLALLOCATIONS.LIST> </TAXBILLALLOCATIONS.LIST>
<TAXOBJECTALLOCATIONS.LIST> </TAXOBJECTALLOCATIONS.LIST>
<TDSEXPENSEALLOCATIONS.LIST> </TDSEXPENSEALLOCATIONS.LIST>
<VATSTATUTORYDETAILS.LIST> </VATSTATUTORYDETAILS.LIST>
<COSTTRACKALLOCATIONS.LIST> </COSTTRACKALLOCATIONS.LIST>
<REFVOUCHERDETAILS.LIST> </REFVOUCHERDETAILS.LIST>
<INVOICEWISEDETAILS.LIST> </INVOICEWISEDETAILS.LIST>
<VATITCDETAILS.LIST> </VATITCDETAILS.LIST>
<ADVANCETAXDETAILS.LIST> </ADVANCETAXDETAILS.LIST>
<TAXTYPEALLOCATIONS.LIST> </TAXTYPEALLOCATIONS.LIST>
</ALLLEDGERENTRIES.LIST>
<ALLLEDGERENTRIES.LIST>
<OLDAUDITENTRYIDS.LIST TYPE="Number">
<OLDAUDITENTRYIDS>-1</OLDAUDITENTRYIDS>
</OLDAUDITENTRYIDS.LIST>
<LEDGERNAME>Cash</LEDGERNAME>
<GSTCLASS>&#4; Not Applicable</GSTCLASS>
<ISDEEMEDPOSITIVE>Yes</ISDEEMEDPOSITIVE>
<LEDGERFROMITEM>No</LEDGERFROMITEM>
<REMOVEZEROENTRIES>No</REMOVEZEROENTRIES>
<ISPARTYLEDGER>Yes</ISPARTYLEDGER>
<GSTOVERRIDDEN>No</GSTOVERRIDDEN>
<ISGSTASSESSABLEVALUEOVERRIDDEN>No</ISGSTASSESSABLEVALUEOVERRIDDEN>
<STRDISGSTAPPLICABLE>No</STRDISGSTAPPLICABLE>
<STRDGSTISPARTYLEDGER>No</STRDGSTISPARTYLEDGER>
<STRDGSTISDUTYLEDGER>No</STRDGSTISDUTYLEDGER>
<CONTENTNEGISPOS>No</CONTENTNEGISPOS>
<ISLASTDEEMEDPOSITIVE>Yes</ISLASTDEEMEDPOSITIVE>
<ISCAPVATTAXALTERED>No</ISCAPVATTAXALTERED>
<ISCAPVATNOTCLAIMED>No</ISCAPVATNOTCLAIMED>
<AMOUNT>10000.00</AMOUNT>
<SERVICETAXDETAILS.LIST> </SERVICETAXDETAILS.LIST>
<BANKALLOCATIONS.LIST> </BANKALLOCATIONS.LIST>
<BILLALLOCATIONS.LIST> </BILLALLOCATIONS.LIST>
<INTERESTCOLLECTION.LIST> </INTERESTCOLLECTION.LIST>
<OLDAUDITENTRIES.LIST> </OLDAUDITENTRIES.LIST>
<ACCOUNTAUDITENTRIES.LIST> </ACCOUNTAUDITENTRIES.LIST>
<AUDITENTRIES.LIST> </AUDITENTRIES.LIST>
<INPUTCRALLOCS.LIST> </INPUTCRALLOCS.LIST>
<DUTYHEADDETAILS.LIST> </DUTYHEADDETAILS.LIST>
<EXCISEDUTYHEADDETAILS.LIST> </EXCISEDUTYHEADDETAILS.LIST>
<RATEDETAILS.LIST> </RATEDETAILS.LIST>
<SUMMARYALLOCS.LIST> </SUMMARYALLOCS.LIST>
<CENVATDUTYALLOCATIONS.LIST> </CENVATDUTYALLOCATIONS.LIST>
<STPYMTDETAILS.LIST> </STPYMTDETAILS.LIST>
<EXCISEPAYMENTALLOCATIONS.LIST> </EXCISEPAYMENTALLOCATIONS.LIST>
<TAXBILLALLOCATIONS.LIST> </TAXBILLALLOCATIONS.LIST>
<TAXOBJECTALLOCATIONS.LIST> </TAXOBJECTALLOCATIONS.LIST>
<TDSEXPENSEALLOCATIONS.LIST> </TDSEXPENSEALLOCATIONS.LIST>
<VATSTATUTORYDETAILS.LIST> </VATSTATUTORYDETAILS.LIST>
<COSTTRACKALLOCATIONS.LIST> </COSTTRACKALLOCATIONS.LIST>
<REFVOUCHERDETAILS.LIST> </REFVOUCHERDETAILS.LIST>
<INVOICEWISEDETAILS.LIST> </INVOICEWISEDETAILS.LIST>
<VATITCDETAILS.LIST> </VATITCDETAILS.LIST>
<ADVANCETAXDETAILS.LIST> </ADVANCETAXDETAILS.LIST>
<TAXTYPEALLOCATIONS.LIST> </TAXTYPEALLOCATIONS.LIST>
</ALLLEDGERENTRIES.LIST>
<GST.LIST> </GST.LIST>
<STKJRNLADDLCOSTDETAILS.LIST> </STKJRNLADDLCOSTDETAILS.LIST>
<PAYROLLMODEOFPAYMENT.LIST> </PAYROLLMODEOFPAYMENT.LIST>
<ATTDRECORDS.LIST> </ATTDRECORDS.LIST>
<GSTEWAYCONSIGNORADDRESS.LIST> </GSTEWAYCONSIGNORADDRESS.LIST>
<GSTEWAYCONSIGNEEADDRESS.LIST> </GSTEWAYCONSIGNEEADDRESS.LIST>
<TEMPGSTRATEDETAILS.LIST> </TEMPGSTRATEDETAILS.LIST>
<TEMPGSTADVADJUSTED.LIST> </TEMPGSTADVADJUSTED.LIST>
<GSTBUYERADDRESS.LIST> </GSTBUYERADDRESS.LIST>
<GSTCONSIGNEEADDRESS.LIST> </GSTCONSIGNEEADDRESS.LIST>
</VOUCHER>
</TALLYMESSAGE>
<TALLYMESSAGE UDF="TallyUDF">
<VOUCHER REMOTEID="ef1532b1-c551-4b3f-ac45-04402e1668cc-00000003" VCHKEY="ef1532b1-c551-4b3f-ac45-04402e1668cc-0000b146:00000005" VCHTYPE="Receipt" ACTION="Create" OBJVIEW="Accounting Voucher View">
<OLDAUDITENTRYIDS.LIST TYPE="Number">
<OLDAUDITENTRYIDS>-1</OLDAUDITENTRYIDS>
</OLDAUDITENTRYIDS.LIST>
<DATE>20240424</DATE>
<VCHSTATUSDATE>20240424</VCHSTATUSDATE>
<GUID>ef1532b1-c551-4b3f-ac45-04402e1668cc-00000003</GUID>
<NARRATION>Receipt ID: </NARRATION>
<GSTREGISTRATION TAXTYPE="GST" TAXREGISTRATION="">ABC Pvt Ltd</GSTREGISTRATION>
<VOUCHERTYPENAME>Receipt</VOUCHERTYPENAME>
<PARTYLEDGERNAME>Himanshu</PARTYLEDGERNAME>
<VOUCHERNUMBER>3</VOUCHERNUMBER>
<CMPGSTREGISTRATIONTYPE>Regular</CMPGSTREGISTRATIONTYPE>
<NUMBERINGSTYLE>Auto Retain</NUMBERINGSTYLE>
<CSTFORMISSUETYPE>&#4; Not Applicable</CSTFORMISSUETYPE>
<CSTFORMRECVTYPE>&#4; Not Applicable</CSTFORMRECVTYPE>
<FBTPAYMENTTYPE>Default</FBTPAYMENTTYPE>
<PERSISTEDVIEW>Accounting Voucher View</PERSISTEDVIEW>
<VCHSTATUSTAXADJUSTMENT>Default</VCHSTATUSTAXADJUSTMENT>
<VCHSTATUSVOUCHERTYPE>Receipt</VCHSTATUSVOUCHERTYPE>
<VCHSTATUSTAXUNIT>ABC Pvt Ltd</VCHSTATUSTAXUNIT>
<VCHGSTCLASS>&#4; Not Applicable</VCHGSTCLASS>
<DIFFACTUALQTY>No</DIFFACTUALQTY>
<ISMSTFROMSYNC>No</ISMSTFROMSYNC>
<ISDELETED>No</ISDELETED>
<ISSECURITYONWHENENTERED>No</ISSECURITYONWHENENTERED>
<ASORIGINAL>No</ASORIGINAL>
<AUDITED>No</AUDITED>
<ISCOMMONPARTY>No</ISCOMMONPARTY>
<FORJOBCOSTING>No</FORJOBCOSTING>
<ISOPTIONAL>No</ISOPTIONAL>
<EFFECTIVEDATE>20240401</EFFECTIVEDATE>
<USEFOREXCISE>No</USEFOREXCISE>
<ISFORJOBWORKIN>No</ISFORJOBWORKIN>
<ALLOWCONSUMPTION>No</ALLOWCONSUMPTION>
<USEFORINTEREST>No</USEFORINTEREST>
<USEFORGAINLOSS>No</USEFORGAINLOSS>
<USEFORGODOWNTRANSFER>No</USEFORGODOWNTRANSFER>
<USEFORCOMPOUND>No</USEFORCOMPOUND>
<USEFORSERVICETAX>No</USEFORSERVICETAX>
<ISREVERSECHARGEAPPLICABLE>No</ISREVERSECHARGEAPPLICABLE>
<ISSYSTEM>No</ISSYSTEM>
<ISFETCHEDONLY>No</ISFETCHEDONLY>
<ISGSTOVERRIDDEN>No</ISGSTOVERRIDDEN>
<ISCANCELLED>No</ISCANCELLED>
<ISONHOLD>No</ISONHOLD>
<ISSUMMARY>No</ISSUMMARY>
<ISECOMMERCESUPPLY>No</ISECOMMERCESUPPLY>
<ISBOENOTAPPLICABLE>No</ISBOENOTAPPLICABLE>
<ISGSTSECSEVENAPPLICABLE>No</ISGSTSECSEVENAPPLICABLE>
<IGNOREEINVVALIDATION>No</IGNOREEINVVALIDATION>
<CMPGSTISOTHTERRITORYASSESSEE>No</CMPGSTISOTHTERRITORYASSESSEE>
<PARTYGSTISOTHTERRITORYASSESSEE>No</PARTYGSTISOTHTERRITORYASSESSEE>
<IRNJSONEXPORTED>No</IRNJSONEXPORTED>
<IRNCANCELLED>No</IRNCANCELLED>
<IGNOREGSTCONFLICTINMIG>No</IGNOREGSTCONFLICTINMIG>
<ISOPBALTRANSACTION>No</ISOPBALTRANSACTION>
<IGNOREGSTFORMATVALIDATION>No</IGNOREGSTFORMATVALIDATION>
<ISELIGIBLEFORITC>Yes</ISELIGIBLEFORITC>
<UPDATESUMMARYVALUES>No</UPDATESUMMARYVALUES>
<ISEWAYBILLAPPLICABLE>No</ISEWAYBILLAPPLICABLE>
<ISDELETEDRETAINED>No</ISDELETEDRETAINED>
<ISNULL>No</ISNULL>
<ISEXCISEVOUCHER>No</ISEXCISEVOUCHER>
<EXCISETAXOVERRIDE>No</EXCISETAXOVERRIDE>
<USEFORTAXUNITTRANSFER>No</USEFORTAXUNITTRANSFER>
<ISEXER1NOPOVERWRITE>No</ISEXER1NOPOVERWRITE>
<ISEXF2NOPOVERWRITE>No</ISEXF2NOPOVERWRITE>
<ISEXER3NOPOVERWRITE>No</ISEXER3NOPOVERWRITE>
<IGNOREPOSVALIDATION>No</IGNOREPOSVALIDATION>
<EXCISEOPENING>No</EXCISEOPENING>
<USEFORFINALPRODUCTION>No</USEFORFINALPRODUCTION>
<ISTDSOVERRIDDEN>No</ISTDSOVERRIDDEN>
<ISTCSOVERRIDDEN>No</ISTCSOVERRIDDEN>
<ISTDSTCSCASHVCH>No</ISTDSTCSCASHVCH>
<INCLUDEADVPYMTVCH>No</INCLUDEADVPYMTVCH>
<ISSUBWORKSCONTRACT>No</ISSUBWORKSCONTRACT>
<ISVATOVERRIDDEN>No</ISVATOVERRIDDEN>
<IGNOREORIGVCHDATE>No</IGNOREORIGVCHDATE>
<ISVATPAIDATCUSTOMS>No</ISVATPAIDATCUSTOMS>
<ISDECLAREDTOCUSTOMS>No</ISDECLAREDTOCUSTOMS>
<VATADVANCEPAYMENT>No</VATADVANCEPAYMENT>
<VATADVPAY>No</VATADVPAY>
<ISCSTDELCAREDGOODSSALES>No</ISCSTDELCAREDGOODSSALES>
<ISVATRESTAXINV>No</ISVATRESTAXINV>
<ISSERVICETAXOVERRIDDEN>No</ISSERVICETAXOVERRIDDEN>
<ISISDVOUCHER>No</ISISDVOUCHER>
<ISEXCISEOVERRIDDEN>No</ISEXCISEOVERRIDDEN>
<ISEXCISESUPPLYVCH>No</ISEXCISESUPPLYVCH>
<GSTNOTEXPORTED>No</GSTNOTEXPORTED>
<IGNOREGSTINVALIDATION>No</IGNOREGSTINVALIDATION>
<ISGSTREFUND>No</ISGSTREFUND>
<OVRDNEWAYBILLAPPLICABILITY>No</OVRDNEWAYBILLAPPLICABILITY>
<ISVATPRINCIPALACCOUNT>No</ISVATPRINCIPALACCOUNT>
<VCHSTATUSISVCHNUMUSED>No</VCHSTATUSISVCHNUMUSED>
<VCHGSTSTATUSISINCLUDED>No</VCHGSTSTATUSISINCLUDED>
<VCHGSTSTATUSISUNCERTAIN>No</VCHGSTSTATUSISUNCERTAIN>
<VCHGSTSTATUSISEXCLUDED>No</VCHGSTSTATUSISEXCLUDED>
<VCHGSTSTATUSISAPPLICABLE>No</VCHGSTSTATUSISAPPLICABLE>
<VCHGSTSTATUSISGSTR2BRECONCILED>No</VCHGSTSTATUSISGSTR2BRECONCILED>
<VCHGSTSTATUSISGSTR2BONLYINPORTAL>No</VCHGSTSTATUSISGSTR2BONLYINPORTAL>
<VCHGSTSTATUSISGSTR2BONLYINBOOKS>No</VCHGSTSTATUSISGSTR2BONLYINBOOKS>
<VCHGSTSTATUSISGSTR2BMISMATCH>No</VCHGSTSTATUSISGSTR2BMISMATCH>
<VCHGSTSTATUSISGSTR2BINDIFFPERIOD>No</VCHGSTSTATUSISGSTR2BINDIFFPERIOD>
<VCHGSTSTATUSISRETEFFDATEOVERRDN>No</VCHGSTSTATUSISRETEFFDATEOVERRDN>
<VCHGSTSTATUSISOVERRDN>No</VCHGSTSTATUSISOVERRDN>
<VCHGSTSTATUSISSTATINDIFFDATE>No</VCHGSTSTATUSISSTATINDIFFDATE>
<VCHGSTSTATUSISRETINDIFFDATE>No</VCHGSTSTATUSISRETINDIFFDATE>
<VCHGSTSTATUSMAINSECTIONEXCLUDED>No</VCHGSTSTATUSMAINSECTIONEXCLUDED>
<VCHGSTSTATUSISBRANCHTRANSFEROUT>No</VCHGSTSTATUSISBRANCHTRANSFEROUT>
<VCHGSTSTATUSISSYSTEMSUMMARY>No</VCHGSTSTATUSISSYSTEMSUMMARY>
<VCHSTATUSISUNREGISTEREDRCM>No</VCHSTATUSISUNREGISTEREDRCM>
<VCHSTATUSISOPTIONAL>No</VCHSTATUSISOPTIONAL>
<VCHSTATUSISCANCELLED>No</VCHSTATUSISCANCELLED>
<VCHSTATUSISDELETED>No</VCHSTATUSISDELETED>
<VCHSTATUSISOPENINGBALANCE>No</VCHSTATUSISOPENINGBALANCE>
<VCHSTATUSISFETCHEDONLY>No</VCHSTATUSISFETCHEDONLY>
<PAYMENTLINKHASMULTIREF>No</PAYMENTLINKHASMULTIREF>
<ISSHIPPINGWITHINSTATE>No</ISSHIPPINGWITHINSTATE>
<ISOVERSEASTOURISTTRANS>No</ISOVERSEASTOURISTTRANS>
<ISDESIGNATEDZONEPARTY>No</ISDESIGNATEDZONEPARTY>
<HASCASHFLOW>Yes</HASCASHFLOW>
<ISPOSTDATED>No</ISPOSTDATED>
<USETRACKINGNUMBER>No</USETRACKINGNUMBER>
<ISINVOICE>No</ISINVOICE>
<MFGJOURNAL>No</MFGJOURNAL>
<HASDISCOUNTS>No</HASDISCOUNTS>
<ASPAYSLIP>No</ASPAYSLIP>
<ISCOSTCENTRE>No</ISCOSTCENTRE>
<ISSTXNONREALIZEDVCH>No</ISSTXNONREALIZEDVCH>
<ISEXCISEMANUFACTURERON>No</ISEXCISEMANUFACTURERON>
<ISBLANKCHEQUE>No</ISBLANKCHEQUE>
<ISVOID>No</ISVOID>
<ORDERLINESTATUS>No</ORDERLINESTATUS>
<VATISAGNSTCANCSALES>No</VATISAGNSTCANCSALES>
<VATISPURCEXEMPTED>No</VATISPURCEXEMPTED>
<ISVATRESTAXINVOICE>No</ISVATRESTAXINVOICE>
<VATISASSESABLECALCVCH>No</VATISASSESABLECALCVCH>
<ISVATDUTYPAID>Yes</ISVATDUTYPAID>
<ISDELIVERYSAMEASCONSIGNEE>No</ISDELIVERYSAMEASCONSIGNEE>
<ISDISPATCHSAMEASCONSIGNOR>No</ISDISPATCHSAMEASCONSIGNOR>
<ISDELETEDVCHRETAINED>No</ISDELETEDVCHRETAINED>
<CHANGEVCHMODE>No</CHANGEVCHMODE>
<RESETIRNQRCODE>No</RESETIRNQRCODE>
<ALTERID>2</ALTERID>
<MASTERID>2</MASTERID>
<VOUCHERKEY>194914205827088</VOUCHERKEY>
<VOUCHERRETAINKEY>1</VOUCHERRETAINKEY>
<VOUCHERNUMBERSERIES>Default</VOUCHERNUMBERSERIES>
<EWAYBILLDETAILS.LIST> </EWAYBILLDETAILS.LIST>
<EXCLUDEDTAXATIONS.LIST> </EXCLUDEDTAXATIONS.LIST>
<OLDAUDITENTRIES.LIST> </OLDAUDITENTRIES.LIST>
<ACCOUNTAUDITENTRIES.LIST> </ACCOUNTAUDITENTRIES.LIST>
<AUDITENTRIES.LIST> </AUDITENTRIES.LIST>
<DUTYHEADDETAILS.LIST> </DUTYHEADDETAILS.LIST>
<GSTADVADJDETAILS.LIST> </GSTADVADJDETAILS.LIST>
<CONTRITRANS.LIST> </CONTRITRANS.LIST>
<EWAYBILLERRORLIST.LIST> </EWAYBILLERRORLIST.LIST>
<IRNERRORLIST.LIST> </IRNERRORLIST.LIST>
<HARYANAVAT.LIST> </HARYANAVAT.LIST>
<SUPPLEMENTARYDUTYHEADDETAILS.LIST> </SUPPLEMENTARYDUTYHEADDETAILS.LIST>
<INVOICEDELNOTES.LIST> </INVOICEDELNOTES.LIST>
<INVOICEORDERLIST.LIST> </INVOICEORDERLIST.LIST>
<INVOICEINDENTLIST.LIST> </INVOICEINDENTLIST.LIST>
<ATTENDANCEENTRIES.LIST> </ATTENDANCEENTRIES.LIST>
<ORIGINVOICEDETAILS.LIST> </ORIGINVOICEDETAILS.LIST>
<INVOICEEXPORTLIST.LIST> </INVOICEEXPORTLIST.LIST>
<ALLLEDGERENTRIES.LIST>
<OLDAUDITENTRYIDS.LIST TYPE="Number">
<OLDAUDITENTRYIDS>-1</OLDAUDITENTRYIDS>
</OLDAUDITENTRYIDS.LIST>
<APPROPRIATEFOR>&#4; Not Applicable</APPROPRIATEFOR>
<LEDGERNAME>Himanshu</LEDGERNAME>
<GSTCLASS>&#4; Not Applicable</GSTCLASS>
<ISDEEMEDPOSITIVE>No</ISDEEMEDPOSITIVE>
<LEDGERFROMITEM>No</LEDGERFROMITEM>
<REMOVEZEROENTRIES>No</REMOVEZEROENTRIES>
<ISPARTYLEDGER>No</ISPARTYLEDGER>
<GSTOVERRIDDEN>No</GSTOVERRIDDEN>
<ISGSTASSESSABLEVALUEOVERRIDDEN>No</ISGSTASSESSABLEVALUEOVERRIDDEN>
<STRDISGSTAPPLICABLE>No</STRDISGSTAPPLICABLE>
<STRDGSTISPARTYLEDGER>No</STRDGSTISPARTYLEDGER>
<STRDGSTISDUTYLEDGER>No</STRDGSTISDUTYLEDGER>
<CONTENTNEGISPOS>No</CONTENTNEGISPOS>
<ISLASTDEEMEDPOSITIVE>No</ISLASTDEEMEDPOSITIVE>
<ISCAPVATTAXALTERED>No</ISCAPVATTAXALTERED>
<ISCAPVATNOTCLAIMED>No</ISCAPVATNOTCLAIMED>
<ISPARTYLEDGER>Yes</ISPARTYLEDGER>
<AMOUNT>100000</AMOUNT>
<SERVICETAXDETAILS.LIST/>
<BANKALLOCATIONS.LIST/>
<BILLALLOCATIONS.LIST>
<NAME>BQ-1</NAME>
<BILLTYPE>Agst Ref</BILLTYPE>
<TDSDEDUCTEEISSPECIALRATE>No</TDSDEDUCTEEISSPECIALRATE>
<AMOUNT>100000</AMOUNT>
<INTERESTCOLLECTION.LIST> </INTERESTCOLLECTION.LIST>
<STBILLCATEGORIES.LIST> </STBILLCATEGORIES.LIST>
</BILLALLOCATIONS.LIST>
<INTERESTCOLLECTION.LIST> </INTERESTCOLLECTION.LIST>
<OLDAUDITENTRIES.LIST> </OLDAUDITENTRIES.LIST>
<ACCOUNTAUDITENTRIES.LIST> </ACCOUNTAUDITENTRIES.LIST>
<AUDITENTRIES.LIST> </AUDITENTRIES.LIST>
<INPUTCRALLOCS.LIST> </INPUTCRALLOCS.LIST>
<DUTYHEADDETAILS.LIST> </DUTYHEADDETAILS.LIST>
<EXCISEDUTYHEADDETAILS.LIST> </EXCISEDUTYHEADDETAILS.LIST>
<RATEDETAILS.LIST> </RATEDETAILS.LIST>
<SUMMARYALLOCS.LIST> </SUMMARYALLOCS.LIST>
<CENVATDUTYALLOCATIONS.LIST> </CENVATDUTYALLOCATIONS.LIST>
<STPYMTDETAILS.LIST> </STPYMTDETAILS.LIST>
<EXCISEPAYMENTALLOCATIONS.LIST> </EXCISEPAYMENTALLOCATIONS.LIST>
<TAXBILLALLOCATIONS.LIST> </TAXBILLALLOCATIONS.LIST>
<TAXOBJECTALLOCATIONS.LIST> </TAXOBJECTALLOCATIONS.LIST>
<TDSEXPENSEALLOCATIONS.LIST> </TDSEXPENSEALLOCATIONS.LIST>
<VATSTATUTORYDETAILS.LIST> </VATSTATUTORYDETAILS.LIST>
<COSTTRACKALLOCATIONS.LIST> </COSTTRACKALLOCATIONS.LIST>
<REFVOUCHERDETAILS.LIST> </REFVOUCHERDETAILS.LIST>
<INVOICEWISEDETAILS.LIST> </INVOICEWISEDETAILS.LIST>
<VATITCDETAILS.LIST> </VATITCDETAILS.LIST>
<ADVANCETAXDETAILS.LIST> </ADVANCETAXDETAILS.LIST>
<TAXTYPEALLOCATIONS.LIST> </TAXTYPEALLOCATIONS.LIST>
</ALLLEDGERENTRIES.LIST>
<ALLLEDGERENTRIES.LIST>
<OLDAUDITENTRYIDS.LIST TYPE="Number">
<OLDAUDITENTRYIDS>-1</OLDAUDITENTRYIDS>
</OLDAUDITENTRYIDS.LIST>
<LEDGERNAME>Online</LEDGERNAME>
<GSTCLASS>&#4; Not Applicable</GSTCLASS>
<ISDEEMEDPOSITIVE>Yes</ISDEEMEDPOSITIVE>
<LEDGERFROMITEM>No</LEDGERFROMITEM>
<REMOVEZEROENTRIES>No</REMOVEZEROENTRIES>
<ISPARTYLEDGER>Yes</ISPARTYLEDGER>
<GSTOVERRIDDEN>No</GSTOVERRIDDEN>
<ISGSTASSESSABLEVALUEOVERRIDDEN>No</ISGSTASSESSABLEVALUEOVERRIDDEN>
<STRDISGSTAPPLICABLE>No</STRDISGSTAPPLICABLE>
<STRDGSTISPARTYLEDGER>No</STRDGSTISPARTYLEDGER>
<STRDGSTISDUTYLEDGER>No</STRDGSTISDUTYLEDGER>
<CONTENTNEGISPOS>No</CONTENTNEGISPOS>
<ISLASTDEEMEDPOSITIVE>Yes</ISLASTDEEMEDPOSITIVE>
<ISCAPVATTAXALTERED>No</ISCAPVATTAXALTERED>
<ISCAPVATNOTCLAIMED>No</ISCAPVATNOTCLAIMED>
<AMOUNT>100000.00</AMOUNT>
<SERVICETAXDETAILS.LIST> </SERVICETAXDETAILS.LIST>
<BANKALLOCATIONS.LIST> </BANKALLOCATIONS.LIST>
<BILLALLOCATIONS.LIST> </BILLALLOCATIONS.LIST>
<INTERESTCOLLECTION.LIST> </INTERESTCOLLECTION.LIST>
<OLDAUDITENTRIES.LIST> </OLDAUDITENTRIES.LIST>
<ACCOUNTAUDITENTRIES.LIST> </ACCOUNTAUDITENTRIES.LIST>
<AUDITENTRIES.LIST> </AUDITENTRIES.LIST>
<INPUTCRALLOCS.LIST> </INPUTCRALLOCS.LIST>
<DUTYHEADDETAILS.LIST> </DUTYHEADDETAILS.LIST>
<EXCISEDUTYHEADDETAILS.LIST> </EXCISEDUTYHEADDETAILS.LIST>
<RATEDETAILS.LIST> </RATEDETAILS.LIST>
<SUMMARYALLOCS.LIST> </SUMMARYALLOCS.LIST>
<CENVATDUTYALLOCATIONS.LIST> </CENVATDUTYALLOCATIONS.LIST>
<STPYMTDETAILS.LIST> </STPYMTDETAILS.LIST>
<EXCISEPAYMENTALLOCATIONS.LIST> </EXCISEPAYMENTALLOCATIONS.LIST>
<TAXBILLALLOCATIONS.LIST> </TAXBILLALLOCATIONS.LIST>
<TAXOBJECTALLOCATIONS.LIST> </TAXOBJECTALLOCATIONS.LIST>
<TDSEXPENSEALLOCATIONS.LIST> </TDSEXPENSEALLOCATIONS.LIST>
<VATSTATUTORYDETAILS.LIST> </VATSTATUTORYDETAILS.LIST>
<COSTTRACKALLOCATIONS.LIST> </COSTTRACKALLOCATIONS.LIST>
<REFVOUCHERDETAILS.LIST> </REFVOUCHERDETAILS.LIST>
<INVOICEWISEDETAILS.LIST> </INVOICEWISEDETAILS.LIST>
<VATITCDETAILS.LIST> </VATITCDETAILS.LIST>
<ADVANCETAXDETAILS.LIST> </ADVANCETAXDETAILS.LIST>
<TAXTYPEALLOCATIONS.LIST> </TAXTYPEALLOCATIONS.LIST>
</ALLLEDGERENTRIES.LIST>
<GST.LIST> </GST.LIST>
<STKJRNLADDLCOSTDETAILS.LIST> </STKJRNLADDLCOSTDETAILS.LIST>
<PAYROLLMODEOFPAYMENT.LIST> </PAYROLLMODEOFPAYMENT.LIST>
<ATTDRECORDS.LIST> </ATTDRECORDS.LIST>
<GSTEWAYCONSIGNORADDRESS.LIST> </GSTEWAYCONSIGNORADDRESS.LIST>
<GSTEWAYCONSIGNEEADDRESS.LIST> </GSTEWAYCONSIGNEEADDRESS.LIST>
<TEMPGSTRATEDETAILS.LIST> </TEMPGSTRATEDETAILS.LIST>
<TEMPGSTADVADJUSTED.LIST> </TEMPGSTADVADJUSTED.LIST>
<GSTBUYERADDRESS.LIST> </GSTBUYERADDRESS.LIST>
<GSTCONSIGNEEADDRESS.LIST> </GSTCONSIGNEEADDRESS.LIST>
</VOUCHER>
</TALLYMESSAGE>
<TALLYMESSAGE UDF="TallyUDF">
<VOUCHER REMOTEID="ef1532b1-c551-4b3f-ac45-04402e1668cc-00000004" VCHKEY="ef1532b1-c551-4b3f-ac45-04402e1668cc-0000b146:00000006" VCHTYPE="Receipt" ACTION="Create" OBJVIEW="Accounting Voucher View">
<OLDAUDITENTRYIDS.LIST TYPE="Number">
<OLDAUDITENTRYIDS>-1</OLDAUDITENTRYIDS>
</OLDAUDITENTRYIDS.LIST>
<DATE>20240424</DATE>
<VCHSTATUSDATE>20240424</VCHSTATUSDATE>
<GUID>ef1532b1-c551-4b3f-ac45-04402e1668cc-00000006</GUID>
<NARRATION>Receipt ID: </NARRATION>
<GSTREGISTRATION TAXTYPE="GST" TAXREGISTRATION="">ABC Pvt Ltd</GSTREGISTRATION>
<VOUCHERTYPENAME>Receipt</VOUCHERTYPENAME>
<PARTYLEDGERNAME>Himanshu</PARTYLEDGERNAME>
<VOUCHERNUMBER>4</VOUCHERNUMBER>
<CMPGSTREGISTRATIONTYPE>Regular</CMPGSTREGISTRATIONTYPE>
<NUMBERINGSTYLE>Auto Retain</NUMBERINGSTYLE>
<CSTFORMISSUETYPE>&#4; Not Applicable</CSTFORMISSUETYPE>
<CSTFORMRECVTYPE>&#4; Not Applicable</CSTFORMRECVTYPE>
<FBTPAYMENTTYPE>Default</FBTPAYMENTTYPE>
<PERSISTEDVIEW>Accounting Voucher View</PERSISTEDVIEW>
<VCHSTATUSTAXADJUSTMENT>Default</VCHSTATUSTAXADJUSTMENT>
<VCHSTATUSVOUCHERTYPE>Receipt</VCHSTATUSVOUCHERTYPE>
<VCHSTATUSTAXUNIT>ABC Pvt Ltd</VCHSTATUSTAXUNIT>
<VCHGSTCLASS>&#4; Not Applicable</VCHGSTCLASS>
<DIFFACTUALQTY>No</DIFFACTUALQTY>
<ISMSTFROMSYNC>No</ISMSTFROMSYNC>
<ISDELETED>No</ISDELETED>
<ISSECURITYONWHENENTERED>No</ISSECURITYONWHENENTERED>
<ASORIGINAL>No</ASORIGINAL>
<AUDITED>No</AUDITED>
<ISCOMMONPARTY>No</ISCOMMONPARTY>
<FORJOBCOSTING>No</FORJOBCOSTING>
<ISOPTIONAL>No</ISOPTIONAL>
<EFFECTIVEDATE>20240401</EFFECTIVEDATE>
<USEFOREXCISE>No</USEFOREXCISE>
<ISFORJOBWORKIN>No</ISFORJOBWORKIN>
<ALLOWCONSUMPTION>No</ALLOWCONSUMPTION>
<USEFORINTEREST>No</USEFORINTEREST>
<USEFORGAINLOSS>No</USEFORGAINLOSS>
<USEFORGODOWNTRANSFER>No</USEFORGODOWNTRANSFER>
<USEFORCOMPOUND>No</USEFORCOMPOUND>
<USEFORSERVICETAX>No</USEFORSERVICETAX>
<ISREVERSECHARGEAPPLICABLE>No</ISREVERSECHARGEAPPLICABLE>
<ISSYSTEM>No</ISSYSTEM>
<ISFETCHEDONLY>No</ISFETCHEDONLY>
<ISGSTOVERRIDDEN>No</ISGSTOVERRIDDEN>
<ISCANCELLED>No</ISCANCELLED>
<ISONHOLD>No</ISONHOLD>
<ISSUMMARY>No</ISSUMMARY>
<ISECOMMERCESUPPLY>No</ISECOMMERCESUPPLY>
<ISBOENOTAPPLICABLE>No</ISBOENOTAPPLICABLE>
<ISGSTSECSEVENAPPLICABLE>No</ISGSTSECSEVENAPPLICABLE>
<IGNOREEINVVALIDATION>No</IGNOREEINVVALIDATION>
<CMPGSTISOTHTERRITORYASSESSEE>No</CMPGSTISOTHTERRITORYASSESSEE>
<PARTYGSTISOTHTERRITORYASSESSEE>No</PARTYGSTISOTHTERRITORYASSESSEE>
<IRNJSONEXPORTED>No</IRNJSONEXPORTED>
<IRNCANCELLED>No</IRNCANCELLED>
<IGNOREGSTCONFLICTINMIG>No</IGNOREGSTCONFLICTINMIG>
<ISOPBALTRANSACTION>No</ISOPBALTRANSACTION>
<IGNOREGSTFORMATVALIDATION>No</IGNOREGSTFORMATVALIDATION>
<ISELIGIBLEFORITC>Yes</ISELIGIBLEFORITC>
<UPDATESUMMARYVALUES>No</UPDATESUMMARYVALUES>
<ISEWAYBILLAPPLICABLE>No</ISEWAYBILLAPPLICABLE>
<ISDELETEDRETAINED>No</ISDELETEDRETAINED>
<ISNULL>No</ISNULL>
<ISEXCISEVOUCHER>No</ISEXCISEVOUCHER>
<EXCISETAXOVERRIDE>No</EXCISETAXOVERRIDE>
<USEFORTAXUNITTRANSFER>No</USEFORTAXUNITTRANSFER>
<ISEXER1NOPOVERWRITE>No</ISEXER1NOPOVERWRITE>
<ISEXF2NOPOVERWRITE>No</ISEXF2NOPOVERWRITE>
<ISEXER3NOPOVERWRITE>No</ISEXER3NOPOVERWRITE>
<IGNOREPOSVALIDATION>No</IGNOREPOSVALIDATION>
<EXCISEOPENING>No</EXCISEOPENING>
<USEFORFINALPRODUCTION>No</USEFORFINALPRODUCTION>
<ISTDSOVERRIDDEN>No</ISTDSOVERRIDDEN>
<ISTCSOVERRIDDEN>No</ISTCSOVERRIDDEN>
<ISTDSTCSCASHVCH>No</ISTDSTCSCASHVCH>
<INCLUDEADVPYMTVCH>No</INCLUDEADVPYMTVCH>
<ISSUBWORKSCONTRACT>No</ISSUBWORKSCONTRACT>
<ISVATOVERRIDDEN>No</ISVATOVERRIDDEN>
<IGNOREORIGVCHDATE>No</IGNOREORIGVCHDATE>
<ISVATPAIDATCUSTOMS>No</ISVATPAIDATCUSTOMS>
<ISDECLAREDTOCUSTOMS>No</ISDECLAREDTOCUSTOMS>
<VATADVANCEPAYMENT>No</VATADVANCEPAYMENT>
<VATADVPAY>No</VATADVPAY>
<ISCSTDELCAREDGOODSSALES>No</ISCSTDELCAREDGOODSSALES>
<ISVATRESTAXINV>No</ISVATRESTAXINV>
<ISSERVICETAXOVERRIDDEN>No</ISSERVICETAXOVERRIDDEN>
<ISISDVOUCHER>No</ISISDVOUCHER>
<ISEXCISEOVERRIDDEN>No</ISEXCISEOVERRIDDEN>
<ISEXCISESUPPLYVCH>No</ISEXCISESUPPLYVCH>
<GSTNOTEXPORTED>No</GSTNOTEXPORTED>
<IGNOREGSTINVALIDATION>No</IGNOREGSTINVALIDATION>
<ISGSTREFUND>No</ISGSTREFUND>
<OVRDNEWAYBILLAPPLICABILITY>No</OVRDNEWAYBILLAPPLICABILITY>
<ISVATPRINCIPALACCOUNT>No</ISVATPRINCIPALACCOUNT>
<VCHSTATUSISVCHNUMUSED>No</VCHSTATUSISVCHNUMUSED>
<VCHGSTSTATUSISINCLUDED>No</VCHGSTSTATUSISINCLUDED>
<VCHGSTSTATUSISUNCERTAIN>No</VCHGSTSTATUSISUNCERTAIN>
<VCHGSTSTATUSISEXCLUDED>No</VCHGSTSTATUSISEXCLUDED>
<VCHGSTSTATUSISAPPLICABLE>No</VCHGSTSTATUSISAPPLICABLE>
<VCHGSTSTATUSISGSTR2BRECONCILED>No</VCHGSTSTATUSISGSTR2BRECONCILED>
<VCHGSTSTATUSISGSTR2BONLYINPORTAL>No</VCHGSTSTATUSISGSTR2BONLYINPORTAL>
<VCHGSTSTATUSISGSTR2BONLYINBOOKS>No</VCHGSTSTATUSISGSTR2BONLYINBOOKS>
<VCHGSTSTATUSISGSTR2BMISMATCH>No</VCHGSTSTATUSISGSTR2BMISMATCH>
<VCHGSTSTATUSISGSTR2BINDIFFPERIOD>No</VCHGSTSTATUSISGSTR2BINDIFFPERIOD>
<VCHGSTSTATUSISRETEFFDATEOVERRDN>No</VCHGSTSTATUSISRETEFFDATEOVERRDN>
<VCHGSTSTATUSISOVERRDN>No</VCHGSTSTATUSISOVERRDN>
<VCHGSTSTATUSISSTATINDIFFDATE>No</VCHGSTSTATUSISSTATINDIFFDATE>
<VCHGSTSTATUSISRETINDIFFDATE>No</VCHGSTSTATUSISRETINDIFFDATE>
<VCHGSTSTATUSMAINSECTIONEXCLUDED>No</VCHGSTSTATUSMAINSECTIONEXCLUDED>
<VCHGSTSTATUSISBRANCHTRANSFEROUT>No</VCHGSTSTATUSISBRANCHTRANSFEROUT>
<VCHGSTSTATUSISSYSTEMSUMMARY>No</VCHGSTSTATUSISSYSTEMSUMMARY>
<VCHSTATUSISUNREGISTEREDRCM>No</VCHSTATUSISUNREGISTEREDRCM>
<VCHSTATUSISOPTIONAL>No</VCHSTATUSISOPTIONAL>
<VCHSTATUSISCANCELLED>No</VCHSTATUSISCANCELLED>
<VCHSTATUSISDELETED>No</VCHSTATUSISDELETED>
<VCHSTATUSISOPENINGBALANCE>No</VCHSTATUSISOPENINGBALANCE>
<VCHSTATUSISFETCHEDONLY>No</VCHSTATUSISFETCHEDONLY>
<PAYMENTLINKHASMULTIREF>No</PAYMENTLINKHASMULTIREF>
<ISSHIPPINGWITHINSTATE>No</ISSHIPPINGWITHINSTATE>
<ISOVERSEASTOURISTTRANS>No</ISOVERSEASTOURISTTRANS>
<ISDESIGNATEDZONEPARTY>No</ISDESIGNATEDZONEPARTY>
<HASCASHFLOW>Yes</HASCASHFLOW>
<ISPOSTDATED>No</ISPOSTDATED>
<USETRACKINGNUMBER>No</USETRACKINGNUMBER>
<ISINVOICE>No</ISINVOICE>
<MFGJOURNAL>No</MFGJOURNAL>
<HASDISCOUNTS>No</HASDISCOUNTS>
<ASPAYSLIP>No</ASPAYSLIP>
<ISCOSTCENTRE>No</ISCOSTCENTRE>
<ISSTXNONREALIZEDVCH>No</ISSTXNONREALIZEDVCH>
<ISEXCISEMANUFACTURERON>No</ISEXCISEMANUFACTURERON>
<ISBLANKCHEQUE>No</ISBLANKCHEQUE>
<ISVOID>No</ISVOID>
<ORDERLINESTATUS>No</ORDERLINESTATUS>
<VATISAGNSTCANCSALES>No</VATISAGNSTCANCSALES>
<VATISPURCEXEMPTED>No</VATISPURCEXEMPTED>
<ISVATRESTAXINVOICE>No</ISVATRESTAXINVOICE>
<VATISASSESABLECALCVCH>No</VATISASSESABLECALCVCH>
<ISVATDUTYPAID>Yes</ISVATDUTYPAID>
<ISDELIVERYSAMEASCONSIGNEE>No</ISDELIVERYSAMEASCONSIGNEE>
<ISDISPATCHSAMEASCONSIGNOR>No</ISDISPATCHSAMEASCONSIGNOR>
<ISDELETEDVCHRETAINED>No</ISDELETEDVCHRETAINED>
<CHANGEVCHMODE>No</CHANGEVCHMODE>
<RESETIRNQRCODE>No</RESETIRNQRCODE>
<ALTERID>2</ALTERID>
<MASTERID>2</MASTERID>
<VOUCHERKEY>194914205827088</VOUCHERKEY>
<VOUCHERRETAINKEY>1</VOUCHERRETAINKEY>
<VOUCHERNUMBERSERIES>Default</VOUCHERNUMBERSERIES>
<EWAYBILLDETAILS.LIST> </EWAYBILLDETAILS.LIST>
<EXCLUDEDTAXATIONS.LIST> </EXCLUDEDTAXATIONS.LIST>
<OLDAUDITENTRIES.LIST> </OLDAUDITENTRIES.LIST>
<ACCOUNTAUDITENTRIES.LIST> </ACCOUNTAUDITENTRIES.LIST>
<AUDITENTRIES.LIST> </AUDITENTRIES.LIST>
<DUTYHEADDETAILS.LIST> </DUTYHEADDETAILS.LIST>
<GSTADVADJDETAILS.LIST> </GSTADVADJDETAILS.LIST>
<CONTRITRANS.LIST> </CONTRITRANS.LIST>
<EWAYBILLERRORLIST.LIST> </EWAYBILLERRORLIST.LIST>
<IRNERRORLIST.LIST> </IRNERRORLIST.LIST>
<HARYANAVAT.LIST> </HARYANAVAT.LIST>
<SUPPLEMENTARYDUTYHEADDETAILS.LIST> </SUPPLEMENTARYDUTYHEADDETAILS.LIST>
<INVOICEDELNOTES.LIST> </INVOICEDELNOTES.LIST>
<INVOICEORDERLIST.LIST> </INVOICEORDERLIST.LIST>
<INVOICEINDENTLIST.LIST> </INVOICEINDENTLIST.LIST>
<ATTENDANCEENTRIES.LIST> </ATTENDANCEENTRIES.LIST>
<ORIGINVOICEDETAILS.LIST> </ORIGINVOICEDETAILS.LIST>
<INVOICEEXPORTLIST.LIST> </INVOICEEXPORTLIST.LIST>
<ALLLEDGERENTRIES.LIST>
<OLDAUDITENTRYIDS.LIST TYPE="Number">
<OLDAUDITENTRYIDS>-1</OLDAUDITENTRYIDS>
</OLDAUDITENTRYIDS.LIST>
<APPROPRIATEFOR>&#4; Not Applicable</APPROPRIATEFOR>
<LEDGERNAME>Himanshu</LEDGERNAME>
<GSTCLASS>&#4; Not Applicable</GSTCLASS>
<ISDEEMEDPOSITIVE>No</ISDEEMEDPOSITIVE>
<LEDGERFROMITEM>No</LEDGERFROMITEM>
<REMOVEZEROENTRIES>No</REMOVEZEROENTRIES>
<ISPARTYLEDGER>No</ISPARTYLEDGER>
<GSTOVERRIDDEN>No</GSTOVERRIDDEN>
<ISGSTASSESSABLEVALUEOVERRIDDEN>No</ISGSTASSESSABLEVALUEOVERRIDDEN>
<STRDISGSTAPPLICABLE>No</STRDISGSTAPPLICABLE>
<STRDGSTISPARTYLEDGER>No</STRDGSTISPARTYLEDGER>
<STRDGSTISDUTYLEDGER>No</STRDGSTISDUTYLEDGER>
<CONTENTNEGISPOS>No</CONTENTNEGISPOS>
<ISLASTDEEMEDPOSITIVE>No</ISLASTDEEMEDPOSITIVE>
<ISCAPVATTAXALTERED>No</ISCAPVATTAXALTERED>
<ISCAPVATNOTCLAIMED>No</ISCAPVATNOTCLAIMED>
<ISPARTYLEDGER>Yes</ISPARTYLEDGER>
<AMOUNT>100000</AMOUNT>
<SERVICETAXDETAILS.LIST/>
<BANKALLOCATIONS.LIST/>
<BILLALLOCATIONS.LIST>
<NAME>BQ-1</NAME>
<BILLTYPE>Agst Ref</BILLTYPE>
<TDSDEDUCTEEISSPECIALRATE>No</TDSDEDUCTEEISSPECIALRATE>
<AMOUNT>100000</AMOUNT>
<INTERESTCOLLECTION.LIST> </INTERESTCOLLECTION.LIST>
<STBILLCATEGORIES.LIST> </STBILLCATEGORIES.LIST>
</BILLALLOCATIONS.LIST>
<INTERESTCOLLECTION.LIST> </INTERESTCOLLECTION.LIST>
<OLDAUDITENTRIES.LIST> </OLDAUDITENTRIES.LIST>
<ACCOUNTAUDITENTRIES.LIST> </ACCOUNTAUDITENTRIES.LIST>
<AUDITENTRIES.LIST> </AUDITENTRIES.LIST>
<INPUTCRALLOCS.LIST> </INPUTCRALLOCS.LIST>
<DUTYHEADDETAILS.LIST> </DUTYHEADDETAILS.LIST>
<EXCISEDUTYHEADDETAILS.LIST> </EXCISEDUTYHEADDETAILS.LIST>
<RATEDETAILS.LIST> </RATEDETAILS.LIST>
<SUMMARYALLOCS.LIST> </SUMMARYALLOCS.LIST>
<CENVATDUTYALLOCATIONS.LIST> </CENVATDUTYALLOCATIONS.LIST>
<STPYMTDETAILS.LIST> </STPYMTDETAILS.LIST>
<EXCISEPAYMENTALLOCATIONS.LIST> </EXCISEPAYMENTALLOCATIONS.LIST>
<TAXBILLALLOCATIONS.LIST> </TAXBILLALLOCATIONS.LIST>
<TAXOBJECTALLOCATIONS.LIST> </TAXOBJECTALLOCATIONS.LIST>
<TDSEXPENSEALLOCATIONS.LIST> </TDSEXPENSEALLOCATIONS.LIST>
<VATSTATUTORYDETAILS.LIST> </VATSTATUTORYDETAILS.LIST>
<COSTTRACKALLOCATIONS.LIST> </COSTTRACKALLOCATIONS.LIST>
<REFVOUCHERDETAILS.LIST> </REFVOUCHERDETAILS.LIST>
<INVOICEWISEDETAILS.LIST> </INVOICEWISEDETAILS.LIST>
<VATITCDETAILS.LIST> </VATITCDETAILS.LIST>
<ADVANCETAXDETAILS.LIST> </ADVANCETAXDETAILS.LIST>
<TAXTYPEALLOCATIONS.LIST> </TAXTYPEALLOCATIONS.LIST>
</ALLLEDGERENTRIES.LIST>
<ALLLEDGERENTRIES.LIST>
<OLDAUDITENTRYIDS.LIST TYPE="Number">
<OLDAUDITENTRYIDS>-1</OLDAUDITENTRYIDS>
</OLDAUDITENTRYIDS.LIST>
<LEDGERNAME>Online</LEDGERNAME>
<GSTCLASS>&#4; Not Applicable</GSTCLASS>
<ISDEEMEDPOSITIVE>Yes</ISDEEMEDPOSITIVE>
<LEDGERFROMITEM>No</LEDGERFROMITEM>
<REMOVEZEROENTRIES>No</REMOVEZEROENTRIES>
<ISPARTYLEDGER>Yes</ISPARTYLEDGER>
<GSTOVERRIDDEN>No</GSTOVERRIDDEN>
<ISGSTASSESSABLEVALUEOVERRIDDEN>No</ISGSTASSESSABLEVALUEOVERRIDDEN>
<STRDISGSTAPPLICABLE>No</STRDISGSTAPPLICABLE>
<STRDGSTISPARTYLEDGER>No</STRDGSTISPARTYLEDGER>
<STRDGSTISDUTYLEDGER>No</STRDGSTISDUTYLEDGER>
<CONTENTNEGISPOS>No</CONTENTNEGISPOS>
<ISLASTDEEMEDPOSITIVE>Yes</ISLASTDEEMEDPOSITIVE>
<ISCAPVATTAXALTERED>No</ISCAPVATTAXALTERED>
<ISCAPVATNOTCLAIMED>No</ISCAPVATNOTCLAIMED>
<AMOUNT>100000.00</AMOUNT>
<SERVICETAXDETAILS.LIST> </SERVICETAXDETAILS.LIST>
<BANKALLOCATIONS.LIST> </BANKALLOCATIONS.LIST>
<BILLALLOCATIONS.LIST> </BILLALLOCATIONS.LIST>
<INTERESTCOLLECTION.LIST> </INTERESTCOLLECTION.LIST>
<OLDAUDITENTRIES.LIST> </OLDAUDITENTRIES.LIST>
<ACCOUNTAUDITENTRIES.LIST> </ACCOUNTAUDITENTRIES.LIST>
<AUDITENTRIES.LIST> </AUDITENTRIES.LIST>
<INPUTCRALLOCS.LIST> </INPUTCRALLOCS.LIST>
<DUTYHEADDETAILS.LIST> </DUTYHEADDETAILS.LIST>
<EXCISEDUTYHEADDETAILS.LIST> </EXCISEDUTYHEADDETAILS.LIST>
<RATEDETAILS.LIST> </RATEDETAILS.LIST>
<SUMMARYALLOCS.LIST> </SUMMARYALLOCS.LIST>
<CENVATDUTYALLOCATIONS.LIST> </CENVATDUTYALLOCATIONS.LIST>
<STPYMTDETAILS.LIST> </STPYMTDETAILS.LIST>
<EXCISEPAYMENTALLOCATIONS.LIST> </EXCISEPAYMENTALLOCATIONS.LIST>
<TAXBILLALLOCATIONS.LIST> </TAXBILLALLOCATIONS.LIST>
<TAXOBJECTALLOCATIONS.LIST> </TAXOBJECTALLOCATIONS.LIST>
<TDSEXPENSEALLOCATIONS.LIST> </TDSEXPENSEALLOCATIONS.LIST>
<VATSTATUTORYDETAILS.LIST> </VATSTATUTORYDETAILS.LIST>
<COSTTRACKALLOCATIONS.LIST> </COSTTRACKALLOCATIONS.LIST>
<REFVOUCHERDETAILS.LIST> </REFVOUCHERDETAILS.LIST>
<INVOICEWISEDETAILS.LIST> </INVOICEWISEDETAILS.LIST>
<VATITCDETAILS.LIST> </VATITCDETAILS.LIST>
<ADVANCETAXDETAILS.LIST> </ADVANCETAXDETAILS.LIST>
<TAXTYPEALLOCATIONS.LIST> </TAXTYPEALLOCATIONS.LIST>
</ALLLEDGERENTRIES.LIST>
<GST.LIST> </GST.LIST>
<STKJRNLADDLCOSTDETAILS.LIST> </STKJRNLADDLCOSTDETAILS.LIST>
<PAYROLLMODEOFPAYMENT.LIST> </PAYROLLMODEOFPAYMENT.LIST>
<ATTDRECORDS.LIST> </ATTDRECORDS.LIST>
<GSTEWAYCONSIGNORADDRESS.LIST> </GSTEWAYCONSIGNORADDRESS.LIST>
<GSTEWAYCONSIGNEEADDRESS.LIST> </GSTEWAYCONSIGNEEADDRESS.LIST>
<TEMPGSTRATEDETAILS.LIST> </TEMPGSTRATEDETAILS.LIST>
<TEMPGSTADVADJUSTED.LIST> </TEMPGSTADVADJUSTED.LIST>
<GSTBUYERADDRESS.LIST> </GSTBUYERADDRESS.LIST>
<GSTCONSIGNEEADDRESS.LIST> </GSTCONSIGNEEADDRESS.LIST>
</VOUCHER>
</TALLYMESSAGE>
</REQUESTDATA>
</IMPORTDATA>
</BODY>
</ENVELOPE>